Details,Posting Date,Description,Amount,Type,Balance,Check or Slip #
DEBIT,10/08/2019,"M1 FINANCE (MOFI ACH        20191007008281  WEB ID: 2561673990",-100.00,ACH_DEBIT,9895.45,,
DEBIT,10/08/2019,"MOATE PLACE COND Assn Dues  17205648        WEB ID: 8887344567",-299.55,ACH_DEBIT,9995.45,,
CHECK,10/08/2019,"CHECK 418  ",-1800.00,CHECK_PAID,10295.00,418,
DEBIT,10/07/2019,"ISP UCIA INT     ACH        888-217-7382    WEB ID: 5330903620",-10.65,ACH_DEBIT,12095.00,,
DEBIT,10/02/2019,"LIBERTY MUTUAL   PAYMENT                    PPD ID: 9267721101",-30.75,ACH_DEBIT,12105.65,,
DEBIT,10/02/2019,"FRONTPOINT SECUR RECEIVABLE                 PPD ID: 1260202317",-38.09,ACH_DEBIT,12136.40,,
DEBIT,10/01/2019,"M1 FINANCE (MOFI ACH        20190930008018  WEB ID: 2561673990",-100.00,ACH_DEBIT,12174.49,,
DEBIT,10/01/2019,"QuickPay with Zelle payment to James Rossini 8703448315",-72.00,QUICKPAY_DEBIT,12274.49,,
CREDIT,10/01/2019,"QuickPay with Zelle payment from KEVIN THULL 8598999475",1050.00,QUICKPAY_CREDIT,12346.49,,
CREDIT,10/01/2019,"QuickPay with Zelle payment from ANDREA R SOPER 8599072774",1050.00,QUICKPAY_CREDIT,11296.49,,
DEBIT,09/30/2019,"Payment to Chase card ending in 7983 09/30",-1256.94,ACCT_XFER,10246.49,,
CREDIT,09/30/2019,"Bloomberg LP     PAYROLL                    PPD ID: 1133417984",4681.95,ACH_CREDIT,11503.43,,
CREDIT,09/27/2019,"QuickPay with Zelle payment from BRIAN D BOWSER 8688948375",156.00,QUICKPAY_CREDIT,6821.48,,
DEBIT,09/24/2019,"M1 FINANCE (MOFI ACH        20190923006389  WEB ID: 2561673990",-100.00,ACH_DEBIT,6665.48,,
DEBIT,09/24/2019,"QuickPay with Zelle payment to James Rossini 8676999632",-16.00,QUICKPAY_DEBIT,6765.48,,
DEBIT,09/23/2019,"TIME WARNER CABL CABLE PAY  0014326239  SPA WEB ID: C815015000",-65.99,ACH_DEBIT,6781.48,,
CHECK,09/20/2019,"CHECK 417  ",-1800.00,CHECK_PAID,6847.47,417,
CREDIT,09/20/2019,"HSBCBK SV WEBXFR P2P        IEVGEN MELNYCHU WEB ID: 1770527921",10.00,ACH_CREDIT,8647.47,,
DEBIT,09/18/2019,"CON ED OF NY     INTELL CK                  PPD ID: 2462467002",-106.94,ACH_DEBIT,8637.47,,
DEBIT,09/17/2019,"PAYPAL           INST XFER  SPOTIFYUSAI     WEB ID: PAYPALSI77",-9.99,ACH_DEBIT,8744.41,,
DEBIT,09/17/2019,"M1 FINANCE (MOFI ACH        20190916013952  WEB ID: 2561673990",-100.00,ACH_DEBIT,8754.40,,
DEBIT,09/17/2019,"Online Realtime Transfer to HSBC Direct Savings  8090 transaction#: 8653944617 reference#: 8653944617RX 09/17",-5000.00,ACCT_XFER,8854.40,,
DEBIT,09/16/2019,"MORTGAGE SERV CT MTG PAYMT                  PPD ID: 4222195996",-2207.50,ACH_DEBIT,13854.40,,
DEBIT,09/13/2019,"QuickPay with Zelle payment to James Rossini 8643878300",-50.00,QUICKPAY_DEBIT,16061.90,,
CREDIT,09/13/2019,"Bloomberg LP     PAYROLL                    PPD ID: 1133417984",4843.91,ACH_CREDIT,16111.90,,
DEBIT,09/10/2019,"PAYPAL           INST XFER  EBAY INC        WEB ID: PAYPALSI77",-5.71,ACH_DEBIT,11267.99,,
DEBIT,09/10/2019,"PAYPAL           INST XFER  FOREVERLUX      WEB ID: PAYPALSI77",-59.39,ACH_DEBIT,11273.70,,
DEBIT,09/10/2019,"M1 FINANCE (MOFI ACH        20190909006071  WEB ID: 2561673990",-100.00,ACH_DEBIT,11333.09,,
DEBIT,09/09/2019,"QuickPay with Zelle payment to Guilardo Tinder IG  8623504802",-25.00,QUICKPAY_DEBIT,11433.09,,
DEBIT,09/06/2019,"PAYPAL           INST XFER  GROUPON INC     WEB ID: PAYPALSI77",-36.00,ACH_DEBIT,11458.09,,
DEBIT,09/06/2019,"MOATE PLACE COND Assn Dues  16881833        WEB ID: 8887344567",-299.55,ACH_DEBIT,11494.09,,
DEBIT,09/05/2019,"FID BKG SVC LLC  MONEYLINE                  PPD ID: 0368004600",-2000.00,ACH_DEBIT,11793.64,,
CREDIT,09/05/2019,"VENMO            CASHOUT                    PPD ID: 5264681992",95.00,ACH_CREDIT,13793.64,,
DEBIT,09/04/2019,"M1 FINANCE (MOFI ACH        20190902001067  WEB ID: 2561673990",-100.00,ACH_DEBIT,13698.64,,
DEBIT,09/04/2019,"PAYPAL           INST XFER  KHOLODI         WEB ID: PAYPALSI77",-370.00,ACH_DEBIT,13798.64,,
CREDIT,09/04/2019,"QuickPay with Zelle payment from ANDREA R SOPER 8610769890",100.00,QUICKPAY_CREDIT,14168.64,,
CREDIT,09/04/2019,"PAYPAL           TRANSFER                   PPD ID: PAYPALSD11",436.50,ACH_CREDIT,14068.64,,
DEBIT,09/03/2019,"LIBERTY MUTUAL   PAYMENT                    PPD ID: 9267721101",-30.75,ACH_DEBIT,13632.14,,
DEBIT,09/03/2019,"FRONTPOINT SECUR RECEIVABLE                 PPD ID: 1260202317",-38.09,ACH_DEBIT,13662.89,,
DEBIT,09/03/2019,"Payment to Chase card ending in 7983 09/03",-535.22,ACCT_XFER,13700.98,,
DEBIT,09/03/2019,"Payment to Chase card ending in 3407 09/03",-2921.46,ACCT_XFER,14236.20,,
DEBIT,09/03/2019,"ATM WITHDRAWAL                       005373  08/311180 2ND",-500.00,ATM,17157.66,,
CREDIT,09/03/2019,"QuickPay with Zelle payment from MURTAZA A KARIMJEE 8597834615",500.00,QUICKPAY_CREDIT,17657.66,,
CREDIT,09/03/2019,"QuickPay with Zelle payment from KEVIN THULL 8488825653",1000.00,QUICKPAY_CREDIT,17157.66,,
CREDIT,09/03/2019,"QuickPay with Zelle payment from ANDREA R SOPER 8488891992",1000.00,QUICKPAY_CREDIT,16157.66,,
CREDIT,08/30/2019,"Bloomberg LP     PAYROLL                    PPD ID: 1133417984",4682.85,ACH_CREDIT,15157.66,,
DEBIT,08/27/2019,"M1 FINANCE (MOFI ACH        20190826001834  WEB ID: 2561673990",-100.00,ACH_DEBIT,10474.81,,
DEBIT,08/27/2019,"VENMO 855-812-4430 NY                        08/26",-50.00,DEBIT_CARD,10574.81,,
DEBIT,08/26/2019,"APL*ITUNES.COM/BILL 866-712-7753 CA          08/25",-9.99,DEBIT_CARD,10624.81,,
DEBIT,08/26/2019,"ATM WITHDRAWAL                       007202  08/261 UNITED",-100.00,ATM,10634.80,,
DEBIT,08/26/2019,"QuickPay with Zelle payment to Tatiana JPM263561865",-30.00,CHASE_TO_PARTNERFI,10734.80,,
DEBIT,08/23/2019,"TIME WARNER CABL CABLE PAY  0014326239  SPA WEB ID: C815015000",-65.99,ACH_DEBIT,10764.80,,
DEBIT,08/20/2019,"M1 FINANCE (MOFI ACH        20190819003519  WEB ID: 2561673990",-100.00,ACH_DEBIT,10830.79,,
DEBIT,08/19/2019,"NON-CHASE ATM FEE-WITH",-2.50,FEE_TRANSACTION,10930.79,,
DEBIT,08/19/2019,"PAYPAL           INST XFER  SPOTIFYUSAI     WEB ID: PAYPALSI77",-9.99,ACH_DEBIT,10933.29,,
DEBIT,08/19/2019,"CON ED OF NY     INTELL CK                  PPD ID: 2462467002",-143.80,ACH_DEBIT,10943.28,,
DEBIT,08/19/2019,"NON-CHASE ATM WITHDRAW               351357  08/1733 17 36T",-81.75,ATM,11087.08,,
DEBIT,08/15/2019,"MORTGAGE SERV CT MTG PAYMT                  PPD ID: 4222195996",-2134.16,ACH_DEBIT,11168.83,,
CREDIT,08/15/2019,"Bloomberg LP     PAYROLL                    PPD ID: 1133417984",4406.95,ACH_CREDIT,13302.99,,
DEBIT,08/13/2019,"M1 FINANCE (MOFI ACH        20190812003529  WEB ID: 2561673990",-100.00,ACH_DEBIT,8896.04,,
DEBIT,08/09/2019,"9640 AMC ONLINE 888-440-4262 KS              08/09",-19.95,DEBIT_CARD,8996.04,,
DEBIT,08/09/2019,"9640 AMC ONLINE 888-440-4262 KS              08/09",-16.49,DEBIT_CARD,9015.99,,
DEBIT,08/06/2019,"M1 FINANCE (MOFI ACH        20190805003786  WEB ID: 2561673990",-100.00,ACH_DEBIT,9032.48,,
DEBIT,08/06/2019,"MOATE PLACE COND Assn Dues  16632779        WEB ID: 8887344567",-299.55,ACH_DEBIT,9132.48,,
DEBIT,08/05/2019,"CRICKET WIRELESS 855-246-2461 FL             08/02",-55.00,DEBIT_CARD,9432.03,,
CHECK,08/05/2019,"CHECK 416  ",-1800.00,CHECK_PAID,9487.03,416,
DEBIT,08/02/2019,"FRONTPOINT SECUR RECEIVABLE                 PPD ID: 1260202317",-38.09,ACH_DEBIT,11287.03,,
DEBIT,08/02/2019,"VENMO* Visa Direct NY                        08/02",-116.00,DEBIT_CARD,11325.12,,
DEBIT,08/01/2019,"ATM WITHDRAWAL                       008548  08/011180 2ND",-1000.00,ATM,11441.12,,
CREDIT,08/01/2019,"QuickPay with Zelle payment from KEVIN THULL 8386177825",1000.00,QUICKPAY_CREDIT,12441.12,,
CREDIT,08/01/2019,"QuickPay with Zelle payment from ANDREA R SOPER 8386242259",1000.00,QUICKPAY_CREDIT,11441.12,,
CREDIT,08/01/2019,"ATM CHECK DEPOSIT 08/01 1180 2ND AVE NEW YORK NY",985.00,ATM_DEPOSIT,10441.12,,
DEBIT,07/31/2019,"LIBERTY MUTUAL   PAYMENT                    PPD ID: 9267721101",-30.75,ACH_DEBIT,9456.12,,
DEBIT,07/31/2019,"Payment to Chase card ending in 7983 07/31",-506.99,ACCT_XFER,9486.87,,
DEBIT,07/31/2019,"Payment to Chase card ending in 0666 07/31",-3281.88,ACCT_XFER,9993.86,,
CREDIT,07/31/2019,"Bloomberg LP     PAYROLL                    PPD ID: 1133417984",4270.38,ACH_CREDIT,13275.74,,
DEBIT,07/30/2019,"M1 FINANCE (MOFI ACH        20190729003869  WEB ID: 2561673990",-100.00,ACH_DEBIT,9005.36,,
DEBIT,07/30/2019,"VENMO 855-812-4430 NY                        07/29",-40.00,DEBIT_CARD,9105.36,,
DEBIT,07/29/2019,"VENMO* Visa Direct NY                        07/28",-90.00,DEBIT_CARD,9145.36,,
DEBIT,07/26/2019,"APL*ITUNES.COM/BILL 866-712-7753 CA          07/25",-9.99,DEBIT_CARD,9235.36,,
DEBIT,07/24/2019,"VENMO 855-812-4430 NY                        07/23",-60.00,DEBIT_CARD,9245.35,,
DEBIT,07/23/2019,"PAYPAL           INST XFER  EB              WEB ID: PAYPALSI77",-65.08,ACH_DEBIT,9305.35,,
DEBIT,07/23/2019,"TIME WARNER CABL CABLE PAY  0014326239  SPA WEB ID: C815015000",-65.99,ACH_DEBIT,9370.43,,
DEBIT,07/23/2019,"M1 FINANCE (MOFI ACH        20190722003204  WEB ID: 2561673990",-100.00,ACH_DEBIT,9436.42,,
CREDIT,07/23/2019,"PAYPAL           TRANSFER                   PPD ID: PAYPALSD11",562.60,ACH_CREDIT,9536.42,,
DEBIT,07/19/2019,"CON ED OF NY     INTELL CK                  PPD ID: 2462467002",-100.63,ACH_DEBIT,8973.82,,
DEBIT,07/18/2019,"MOATE PLACE COND Assn Dues  16472188        WEB ID: 8887344567",-101.88,ACH_DEBIT,9074.45,,
CREDIT,07/17/2019,"PAYPAL           TRANSFER                   PPD ID: PAYPALSDW1",572.30,ACH_CREDIT,9176.33,,
CHECK,07/16/2019,"CHECK 377  ",-24.00,CHECK_PAID,8604.03,377,
DEBIT,07/16/2019,"M1 FINANCE (MOFI ACH        20190715011070  WEB ID: 2561673990",-100.00,ACH_DEBIT,8628.03,,
DEBIT,07/15/2019,"MORTGAGE SERV CT MTG PAYMT                  PPD ID: 4222195996",-2134.16,ACH_DEBIT,8728.03,,
DEBIT,07/15/2019,"VENMO* Visa Direct NY                        07/14",-300.00,DEBIT_CARD,10862.19,,
DEBIT,07/15/2019,"ATM WITHDRAWAL                       009362  07/13238 EIGHT",-100.00,ATM,11162.19,,
CREDIT,07/15/2019,"PAYPAL           TRANSFER                   PPD ID: PAYPALSD11",436.50,ACH_CREDIT,11262.19,,
CREDIT,07/15/2019,"Bloomberg LP     PAYROLL                    PPD ID: 1133417984",3769.30,ACH_CREDIT,10825.69,,
DEBIT,07/12/2019,"VENMO* Visa Direct NY                        07/12",-80.00,DEBIT_CARD,7056.39,,
CHECK,07/10/2019,"CHECK 415  ",-1800.00,CHECK_PAID,7136.39,415,
CREDIT,07/10/2019,"VENMO            CASHOUT                    PPD ID: 5264681992",57.00,ACH_CREDIT,8936.39,,
DEBIT,07/09/2019,"9640 AMC ONLINE 888-440-4262 KS              07/09",-19.95,DEBIT_CARD,8879.39,,
DEBIT,07/09/2019,"M1 FINANCE (MOFI ACH        20190708006623  WEB ID: 2561673990",-100.00,ACH_DEBIT,8899.34,,
DEBIT,07/09/2019,"MOATE PLACE COND Assn Dues  16395552        WEB ID: 8887344567",-299.55,ACH_DEBIT,8999.34,,
CHECK,07/05/2019,"CHECK 496  ",-40.00,CHECK_PAID,9298.89,496,
CHECK,07/05/2019,"CHECK 497  ",-70.00,CHECK_PAID,9338.89,497,
DEBIT,07/05/2019,"ATM WITHDRAWAL                       005110  07/059059 SUTP",-200.00,ATM,9408.89,,
DEBIT,07/05/2019,"VENMO* Visa Direct NY                        07/05",-78.00,DEBIT_CARD,9608.89,,
DEBIT,07/03/2019,"MOATE PLACE COND Assn Dues  16339703        WEB ID: 8887344567",-25.00,ACH_DEBIT,9686.89,,
DEBIT,07/03/2019,"LIBERTY MUTUAL   PAYMENT                    PPD ID: 9267721101",-30.75,ACH_DEBIT,9711.89,,
CREDIT,07/03/2019,"SCHWAB BROKERAGE MONEYLINK                  PPD ID: 9005586224",34.69,ACH_CREDIT,9742.64,,
DEBIT,07/02/2019,"FRONTPOINT SECUR RECEIVABLE                 PPD ID: 1260202317",-38.09,ACH_DEBIT,9707.95,,
DEBIT,07/02/2019,"M1 FINANCE (MOFI ACH        20190701013580  WEB ID: 2561673990",-100.00,ACH_DEBIT,9746.04,,
DEBIT,07/02/2019,"Payment to Chase card ending in 7983 07/02",-1177.96,ACCT_XFER,9846.04,,
DEBIT,07/02/2019,"Payment to Chase card ending in 0666 07/02",-2938.54,ACCT_XFER,11024.00,,
CREDIT,07/02/2019,"VENMO            CASHOUT                    PPD ID: 5264681992",45.00,ACH_CREDIT,13962.54,,
DEBIT,07/01/2019,"PAYPAL           INST XFER  EB              WEB ID: PAYPALSI77",-38.07,ACH_DEBIT,13917.54,,
DEBIT,07/01/2019,"QuickPay with Zelle payment to Jill Reninger 8389048775",-24.00,QUICKPAY_DEBIT,13955.61,,
DEBIT,07/01/2019,"VENMO 855-812-4430 NY                        06/29",-45.00,DEBIT_CARD,13979.61,,
CREDIT,07/01/2019,"QuickPay with Zelle payment from ANDREA R SOPER 8287930082",1000.00,QUICKPAY_CREDIT,14024.61,,
CREDIT,07/01/2019,"QuickPay with Zelle payment from KEVIN THULL 8287849901",1000.00,QUICKPAY_CREDIT,13024.61,,
CREDIT,06/28/2019,"Bloomberg LP     PAYROLL                    PPD ID: 1133417984",3388.00,ACH_CREDIT,12024.61,,
DEBIT,06/26/2019,"APL*ITUNES.COM/BILL 866-712-7753 CA          06/25",-9.99,DEBIT_CARD,8636.61,,
CREDIT,06/26/2019,"PAYPAL           TRANSFER                   PPD ID: PAYPALSD11",591.70,ACH_CREDIT,8646.60,,
DEBIT,06/25/2019,"M1 FINANCE (MOFI ACH        20190624004818  WEB ID: 2561673990",-100.00,ACH_DEBIT,8054.90,,
DEBIT,06/24/2019,"TIME WARNER CABL CABLE PAY  0014326239  SPA WEB ID: C815015000",-65.99,ACH_DEBIT,8154.90,,
DEBIT,06/24/2019,"MTA*METROCARD MACHINE NEW YORK NY    505102  06/24",-127.00,DEBIT_CARD,8220.89,,
DEBIT,06/19/2019,"CON ED OF NY     INTELL CK                  PPD ID: 2462467002",-67.93,ACH_DEBIT,8347.89,,
CHECK,06/19/2019,"CHECK 376  ",-455.00,CHECK_PAID,8415.82,376,
DEBIT,06/18/2019,"M1 FINANCE (MOFI ACH        20190617004163  WEB ID: 2561673990",-100.00,ACH_DEBIT,8870.82,,
DEBIT,06/18/2019,"MOATE PLACE COND Assn Dues  16179335        WEB ID: 8887344567",-299.55,ACH_DEBIT,8970.82,,
DEBIT,06/17/2019,"MORTGAGE SERV CT MTG PAYMT                  PPD ID: 4222195996",-2179.99,ACH_DEBIT,9270.37,,
CREDIT,06/14/2019,"Bloomberg LP     PAYROLL                    PPD ID: 1133417984",3450.65,ACH_CREDIT,11450.36,,
DEBIT,06/13/2019,"SCHWAB BANK      TRANSFER   000440028793840 WEB ID: 3615220001",-1000.00,ACH_DEBIT,7999.71,,
DEBIT,06/13/2019,"VENMO 855-812-4430 NY                        06/12",-25.00,DEBIT_CARD,8999.71,,
DEBIT,06/12/2019,"ATM WITHDRAWAL                       000500  06/12839 9TH A",-100.00,ATM,9024.71,,
DEBIT,06/11/2019,"CONSUMER FX INTERNATIONAL WIRE FEE",-50.00,FEE_TRANSACTION,9124.71,,
DEBIT,06/11/2019,"CONSUMER FX INTERNATIONAL WIRE FEE",-50.00,FEE_TRANSACTION,9174.71,,
DEBIT,06/11/2019,"M1 FINANCE (MOFI ACH        20190610060230  WEB ID: 2561673990",-100.00,ACH_DEBIT,9224.71,,
DEBIT,06/11/2019,"INTERNATIONAL WIRE DEBIT A/C: FOREIGN CUR BUS ACCT BK 1 COLUMBUS NEWARK DE 197132107 ORG: 00000000528960656 IEVGEN MELNYCHUK BEN:/IT68F0200804624000004784850 SICILY BY CAR SPA REF: RENTAL AGREEMENT # 110354754 TRAFFIC FINE/OCMT/EUR61,00/EXCH/0.8581/CN TR/50427875/CCT/JWQX05EC00AI TRN: 6279500162RE 06/11",-71.09,WIRE_OUTGOING,9324.71,,
DEBIT,06/11/2019,"INTERNATIONAL WIRE DEBIT A/C: FOREIGN CUR BUS ACCT BK 1 COLUMBUS NEWARK DE 197132107 ORG: 00000000528960656 IEVGEN MELNYCHUK BEN:/IT42W0760102800000023512502 CITTA METROPOLITANA DI FIRENZE REF: V/331905P/2018/OCMT/EUR253,53/EXCH/0.8581/CNTR/46858355/CCT/JWQXC7W600 AC TRN: 6761800162RE 06/11",-295.46,WIRE_OUTGOING,9395.80,,
DEBIT,06/10/2019,"9640 AMC ONLINE 888-440-4262 KS              06/09",-19.95,DEBIT_CARD,9691.26,,
CHECK,06/07/2019,"CHECK 414  ",-1800.00,CHECK_PAID,9711.21,414,
DEBIT,06/05/2019,"Payment to Chase card ending in 7983 06/05",-255.99,ACCT_XFER,11511.21,,
DEBIT,06/05/2019,"Payment to Chase card ending in 1491 06/05",-1588.39,ACCT_XFER,11767.20,,
DEBIT,06/04/2019,"M1 FINANCE (MOFI ACH        20190603004163  WEB ID: 2561673990",-100.00,ACH_DEBIT,13355.59,,
DEBIT,06/04/2019,"CITI BIKE NYC 855-245-3311 NY                06/03",-184.00,DEBIT_CARD,13455.59,,
DEBIT,06/04/2019,"CITI BIKE NYC 855-245-3311 NY                06/03",-5.44,DEBIT_CARD,13639.59,,
DEBIT,06/03/2019,"FRONTPOINT SECUR RECEIVABLE                 PPD ID: 1260202317",-38.09,ACH_DEBIT,13645.03,,
DEBIT,06/03/2019,"VENMO* Visa Direct NY                        06/01",-375.00,DEBIT_CARD,13683.12,,
CREDIT,06/03/2019,"QuickPay with Zelle payment from ANDREA R SOPER 8184178836",1000.00,QUICKPAY_CREDIT,14058.12,,
CREDIT,06/03/2019,"QuickPay with Zelle payment from KEVIN THULL 8184116000",1000.00,QUICKPAY_CREDIT,13058.12,,
DEBIT,05/31/2019,"LIBERTY MUTUAL   PAYMENT                    PPD ID: 9267721101",-30.75,ACH_DEBIT,12058.12,,
CREDIT,05/31/2019,"Bloomberg LP     PAYROLL                    PPD ID: 1133417984",3460.22,ACH_CREDIT,12088.87,,
DEBIT,05/30/2019,"MTA*METROCARD MACHINE NEW YORK NY    328957  05/30",-33.00,DEBIT_CARD,8628.65,,
DEBIT,05/29/2019,"M1 FINANCE (MOFI ACH        20190527006410  WEB ID: 2561673990",-100.00,ACH_DEBIT,8661.65,,
CREDIT,05/29/2019,"INTEREST PAYMENT",0.05,MISC_CREDIT,8761.65,,
DEBIT,05/28/2019,"APL*ITUNES.COM/BILL 866-712-7753 CA          05/25",-9.99,DEBIT_CARD,8761.60,,
DEBIT,05/28/2019,"APPLE CASH 877-233-8552 CA                   05/24",-625.00,DEBIT_CARD,8771.59,,
DEBIT,05/24/2019,"FID BKG SVC LLC  MONEYLINE                  PPD ID: 0368004600",-3025.00,ACH_DEBIT,9396.59,,
CREDIT,05/24/2019,"VENMO            CASHOUT                    PPD ID: 5264681992",383.00,ACH_CREDIT,12421.59,,
DEBIT,05/23/2019,"MTA*METROCARD MACHINE NEW YORK NY    563718  05/23",-33.00,DEBIT_CARD,12038.59,,
DEBIT,05/21/2019,"M1 FINANCE (MOFI ACH        20190520004152  WEB ID: 2561673990",-100.00,ACH_DEBIT,12071.59,,
DEBIT,05/20/2019,"CON ED OF NY     INTELL CK                  PPD ID: 2462467002",-65.79,ACH_DEBIT,12171.59,,
DEBIT,05/17/2019,"PLANET FIT       CLUB FEES                  PPD ID: 1710602737",-22.98,ACH_DEBIT,12237.38,,
DEBIT,05/17/2019,"TIME WARNER CABL CABLE PAY  0014326239  SPA WEB ID: C815015000",-65.99,ACH_DEBIT,12260.36,,
CHECK,05/16/2019,"CHECK 413  ",-1800.00,CHECK_PAID,12326.35,413,
DEBIT,05/15/2019,"MOATE PLACE COND Assn Dues  15930213        WEB ID: 8887344567",-283.20,ACH_DEBIT,14126.35,,
DEBIT,05/15/2019,"MORTGAGE SERV CT MTG PAYMT                  PPD ID: 4222195996",-2179.99,ACH_DEBIT,14409.55,,
CREDIT,05/15/2019,"Bloomberg LP     PAYROLL                    PPD ID: 1133417984",3450.65,ACH_CREDIT,16589.54,,
DEBIT,05/14/2019,"M1 FINANCE (MOFI ACH        20190513011482  WEB ID: 2561673990",-100.00,ACH_DEBIT,13138.89,,
DEBIT,05/14/2019,"Payment to Chase card ending in 7983 05/14",-315.85,ACCT_XFER,13238.89,,
DEBIT,05/14/2019,"Payment to Chase card ending in 1491 05/14",-1454.70,ACCT_XFER,13554.74,,
CREDIT,05/14/2019,"VENMO            CASHOUT                    PPD ID: 5264681992",49.00,ACH_CREDIT,15009.44,,
DEBIT,05/13/2019,"MONTHLY SERVICE FEE",-25.00,FEE_TRANSACTION,14960.44,,
CREDIT,05/13/2019,"INTEREST PAYMENT",0.11,MISC_CREDIT,14985.44,,
DEBIT,05/13/2019,"QuickPay with Zelle payment to Murtaza  8226101154",-25.00,QUICKPAY_DEBIT,14985.33,,
DEBIT,05/13/2019,"QuickPay with Zelle payment to Murtaza  8226070557",-609.00,QUICKPAY_DEBIT,15010.33,,
DEBIT,05/13/2019,"VENMO 855-812-4430 NY                        05/12",-38.00,DEBIT_CARD,15619.33,,
CREDIT,05/13/2019,"QuickPay with Zelle payment from ANDRII KLYSHEIKO 8221444954",150.00,QUICKPAY_CREDIT,15657.33,,
DEBIT,05/09/2019,"9640 AMC ONLINE 888-440-4262 KS              05/09",-19.95,DEBIT_CARD,15507.33,,
DEBIT,05/09/2019,"VENMO 855-812-4430 NY                        05/08",-47.00,DEBIT_CARD,15527.28,,
DEBIT,05/08/2019,"APPLE CASH 877-233-8552 CA                   05/07",-185.00,DEBIT_CARD,15574.28,,
DEBIT,05/08/2019,"VENMO* Visa Direct NY                        05/07",-383.00,DEBIT_CARD,15759.28,,
DEBIT,05/07/2019,"M1 FINANCE (MOFI ACH        20190506005594  WEB ID: 2561673990",-100.00,ACH_DEBIT,16142.28,,
DSLIP,05/03/2019,"REMOTE ONLINE DEPOSIT #          1",802.00,CHECK_DEPOSIT,16242.28,1,
DSLIP,05/03/2019,"REMOTE ONLINE DEPOSIT #          1",1466.00,CHECK_DEPOSIT,15440.28,1,
DEBIT,05/02/2019,"FRONTPOINT SECUR RECEIVABLE                 PPD ID: 1260202317",-38.09,ACH_DEBIT,13974.28,,
DEBIT,05/01/2019,"LIBERTY MUTUAL   PAYMENT                    PPD ID: 9267721101",-30.75,ACH_DEBIT,14012.37,,
CREDIT,05/01/2019,"QuickPay with Zelle payment from KEVIN THULL 8087067664",1000.00,QUICKPAY_CREDIT,14043.12,,
CREDIT,05/01/2019,"QuickPay with Zelle payment from ANDREA R SOPER 8087131462",1000.00,QUICKPAY_CREDIT,13043.12,,
DEBIT,04/30/2019,"M1 FINANCE (MOFI ACH        20190429003960  WEB ID: 2561673990",-100.00,ACH_DEBIT,12043.12,,
CREDIT,04/30/2019,"Bloomberg LP     PAYROLL                    PPD ID: 1133417984",3471.76,ACH_CREDIT,12143.12,,
DEBIT,04/26/2019,"APL*ITUNES.COM/BILL 866-712-7753 CA          04/25",-9.99,DEBIT_CARD,8671.36,,
DEBIT,04/26/2019,"FID BKG SVC LLC  MONEYLINE                  PPD ID: 0368004600",-1000.00,ACH_DEBIT,8681.35,,
DEBIT,04/23/2019,"M1 FINANCE (MOFI ACH        20190422003670  WEB ID: 2561673990",-100.00,ACH_DEBIT,9681.35,,
DEBIT,04/22/2019,"TAXI SVC 41-25 36TH S LONG IS CITY NY        04/19",-25.56,DEBIT_CARD,9781.35,,
DEBIT,04/19/2019,"CON ED OF NY     INTELL CK                  PPD ID: 2462467002",-61.87,ACH_DEBIT,9806.91,,
CHECK,04/19/2019,"CHECK 375  ",-200.00,CHECK_PAID,9868.78,375,
DEBIT,04/19/2019,"KEY FOOD 1620 LONG ISLAND C NY               04/18",-15.97,DEBIT_CARD,10068.78,,
DEBIT,04/19/2019,"NEW YORK ROLL'N KATSU NEW YORK NY            04/19",-14.15,DEBIT_CARD,10084.75,,
DEBIT,04/19/2019,"SQ *B&H New York NY                          04/18",-17.00,DEBIT_CARD,10098.90,,
DEBIT,04/19/2019,"CULINART 39333 UN VI NEW YORK CITY NY        04/18",-5.44,DEBIT_CARD,10115.90,,
DEBIT,04/18/2019,"SCHWAB BROKERAGE MONEYLINK  558622477295023 WEB ID: 9005586224",-6000.00,ACH_DEBIT,10121.34,,
DEBIT,04/18/2019,"Duane Reade STO 773 LE NEW YORK NY   501860  04/18",-4.99,DEBIT_CARD,16121.34,,
DEBIT,04/18/2019,"SQ *B&H New York NY                          04/17",-2.00,DEBIT_CARD,16126.33,,
DEBIT,04/18/2019,"SQ *B&H New York NY                          04/17",-15.00,DEBIT_CARD,16128.33,,
DEBIT,04/17/2019,"PLANET FIT       CLUB FEES                  PPD ID: 1710602737",-22.98,ACH_DEBIT,16143.33,,
DEBIT,04/17/2019,"TIME WARNER CABL CABLE PAY  0014326239  SPA WEB ID: C815015000",-65.99,ACH_DEBIT,16166.31,,
DEBIT,04/17/2019,"Payment to Chase card ending in 1491 04/17",-796.61,ACCT_XFER,16232.30,,
DEBIT,04/17/2019,"Payment to Chase card ending in 7983 04/17",-747.70,ACCT_XFER,17028.91,,
DEBIT,04/16/2019,"M1 FINANCE (MOFI ACH        20190415008390  WEB ID: 2561673990",-100.00,ACH_DEBIT,17776.61,,
DEBIT,04/16/2019,"OMG NEW YORK NY                              04/16",-54.98,DEBIT_CARD,17876.61,,
DEBIT,04/16/2019,"VENMO 855-812-4430 NY                        04/15",-10.00,DEBIT_CARD,17931.59,,
CREDIT,04/16/2019,"VENMO            CASHOUT                    PPD ID: 5264681992",35.00,ACH_CREDIT,17941.59,,
DEBIT,04/15/2019,"PAYPAL           INST XFER  HB MAXX         WEB ID: PAYPALSI77",-44.80,ACH_DEBIT,17906.59,,
DEBIT,04/15/2019,"MORTGAGE SERV CT MTG PAYMT                  PPD ID: 4222195996",-2179.99,ACH_DEBIT,17951.39,,
DEBIT,04/15/2019,"NON-CHASE ATM WITHDRAW               270637  04/1332-15 36T",-102.75,ATM,20131.38,,
DEBIT,04/15/2019,"VENMO 855-812-4430 NY                        04/13",-60.00,DEBIT_CARD,20234.13,,
CREDIT,04/15/2019,"Bloomberg LP     PAYROLL                    PPD ID: 1133417984",3449.55,ACH_CREDIT,20294.13,,
DEBIT,04/12/2019,"COINBASE CHEAPSIDE                           04/11",-5.00,DEBIT_CARD,16844.58,,
DEBIT,04/12/2019,"COINBASE CHEAPSIDE                           04/11",-55.00,DEBIT_CARD,16849.58,,
DEBIT,04/12/2019,"COINBASE CHEAPSIDE                           04/11",-1245.00,DEBIT_CARD,16904.58,,
CREDIT,04/11/2019,"INTEREST PAYMENT",0.23,MISC_CREDIT,18149.58,,
CHECK,04/11/2019,"CHECK 412  ",-1800.00,CHECK_PAID,18149.35,412,
CREDIT,04/11/2019,"VENMO            CASHOUT                    PPD ID: 5264681992",60.00,ACH_CREDIT,19949.35,,
DEBIT,04/09/2019,"9640 AMC ONLINE 888-440-4262 KS              04/09",-19.95,DEBIT_CARD,19889.35,,
DEBIT,04/09/2019,"M1 FINANCE (MOFI ACH        20190408006806  WEB ID: 2561673990",-100.00,ACH_DEBIT,19909.30,,
CREDIT,04/09/2019,"SCHWAB BANK      P2P        IEVGEN MELNYCHU WEB ID: 3615220001",1020.38,ACH_CREDIT,20009.30,,
DSLIP,04/09/2019,"REMOTE ONLINE DEPOSIT #          1",75.00,CHECK_DEPOSIT,18988.92,1,
DEBIT,04/08/2019,"M1 FINANCE (MOFI ACH        20190405046003  WEB ID: 2561673990",-500.00,ACH_DEBIT,18913.92,,
CREDIT,04/08/2019,"VENMO            CASHOUT                    PPD ID: 5264681992",81.00,ACH_CREDIT,19413.92,,
DEBIT,04/05/2019,"QuickPay with Zelle payment to Murtaza  8103854779",-241.29,QUICKPAY_DEBIT,19332.92,,
DEBIT,04/04/2019,"HSBC BANK        ACCT FUND  1574106849      WEB ID: 3770527921",-1.00,ACH_DEBIT,19574.21,,
DEBIT,04/04/2019,"HSBCBK SV WEBXFR TRANSFER   1574099849      WEB ID: 3770527921",-10000.00,ACH_DEBIT,19575.21,,
CHECK,04/03/2019,"CHECK 420  ",-4000.00,CHECK_PAID,29575.21,420,
DEBIT,04/02/2019,"LIBERTY MUTUAL   PAYMENT                    PPD ID: 9267721101",-30.75,ACH_DEBIT,33575.21,,
DEBIT,04/02/2019,"FRONTPOINT SECUR RECEIVABLE                 PPD ID: 1260202317",-38.09,ACH_DEBIT,33605.96,,
DEBIT,04/02/2019,"Connected Proper RESIDENT    125765272      WEB ID: 2273639005",-305.99,ACH_DEBIT,33644.05,,
CREDIT,04/02/2019,"VENMO            CASHOUT                    PPD ID: 5264681992",108.00,ACH_CREDIT,33950.04,,
DEBIT,04/01/2019,"Payment to Chase card ending in 7983 04/01",-245.36,ACCT_XFER,33842.04,,
DEBIT,04/01/2019,"Payment to Chase card ending in 5219 04/01",-354.75,ACCT_XFER,34087.40,,
CREDIT,04/01/2019,"QuickPay with Zelle payment from ANDRII KLYSHEIKO 8082957775",50.00,QUICKPAY_CREDIT,34442.15,,
CREDIT,04/01/2019,"QuickPay with Zelle payment from KEVIN THULL 7988218499",1000.00,QUICKPAY_CREDIT,34392.15,,
CREDIT,04/01/2019,"QuickPay with Zelle payment from ANDREA R SOPER 7988377589",1000.00,QUICKPAY_CREDIT,33392.15,,
CREDIT,03/29/2019,"Bloomberg LP     PAYROLL                    PPD ID: 1133417984",3449.42,ACH_CREDIT,32392.15,,
DEBIT,03/27/2019,"ATM WITHDRAWAL                       004289  03/27770 LEXIN",-100.00,ATM,28942.73,,
DEBIT,03/26/2019,"APL*ITUNES.COM/BILL 866-712-7753 CA          03/25",-9.99,DEBIT_CARD,29042.73,,
DEBIT,03/25/2019,"ATM WITHDRAWAL                       000554  03/2371 W 23RD",-20.00,ATM,29052.72,,
DEBIT,03/22/2019,"SCHWAB BROKERAGE MONEYLINK  558622477295023 WEB ID: 9005586224",-5500.00,ACH_DEBIT,29072.72,,
DEBIT,03/21/2019,"CON ED OF NY     INTELL CK                  PPD ID: 2462467002",-68.40,ACH_DEBIT,34572.72,,
CHECK,03/21/2019,"CHECK 411  ",-1800.00,CHECK_PAID,34641.12,411,
DEBIT,03/19/2019,"VENMO 855-812-4430 NY                        03/18",-50.00,DEBIT_CARD,36441.12,,
DEBIT,03/18/2019,"PLANET FIT       CLUB FEES                  PPD ID: 1710602737",-22.98,ACH_DEBIT,36491.12,,
DEBIT,03/18/2019,"TIME WARNER CABL CABLE PAY  0014326239  SPA WEB ID: C815015000",-65.99,ACH_DEBIT,36514.10,,
DEBIT,03/18/2019,"QuickPay with Zelle payment to Murtaza  8043931851",-100.00,QUICKPAY_DEBIT,36580.09,,
DEBIT,03/18/2019,"Payment to Chase card ending in 7983 03/18",-86.89,ACCT_XFER,36680.09,,
CREDIT,03/18/2019,"QuickPay with Zelle payment from ANDRII KLYSHEIKO 8040429621",44.00,QUICKPAY_CREDIT,36766.98,,
CREDIT,03/18/2019,"PAYPAL           TRANSFER                   PPD ID: PAYPALSD11",378.30,ACH_CREDIT,36722.98,,
CREDIT,03/15/2019,"Bloomberg LP     PAYROLL                    PPD ID: 1133417984",3439.87,ACH_CREDIT,36344.68,,
CREDIT,03/13/2019,"INTEREST PAYMENT",0.19,MISC_CREDIT,32904.81,,
DEBIT,03/08/2019,"9640 AMC ONLINE 888-440-4262 KS              03/08",-19.95,DEBIT_CARD,32904.62,,
CREDIT,03/08/2019,"QuickPay with Zelle payment from ANDRII KLYSHEIKO 8012148226",30.00,QUICKPAY_CREDIT,32924.57,,
DEBIT,03/07/2019,"WITHDRAWAL 03/07",-500.00,MISC_DEBIT,32894.57,,
DEBIT,03/07/2019,"Online Transfer 8009470697 to Charles Schwab Checking ########3840 transaction #: 8009470697 03/07",-1000.00,ACCT_XFER,33394.57,,
DEBIT,03/07/2019,"VENMO 855-812-4430 NY                        03/06",-20.00,DEBIT_CARD,34394.57,,
DEBIT,03/04/2019,"LIBERTY MUTUAL   PAYMENT                    PPD ID: 9267721101",-30.75,ACH_DEBIT,34414.57,,
DEBIT,03/04/2019,"Connected Proper RESIDENT    123141291      WEB ID: 2273639005",-305.99,ACH_DEBIT,34445.32,,
DEBIT,03/04/2019,"VENMO 855-812-4430 NY                        03/03",-46.00,DEBIT_CARD,34751.31,,
DEBIT,03/01/2019,"FID BKG SVC LLC  MONEYLINE                  PPD ID: 0368004600",-1000.00,ACH_DEBIT,34797.31,,
CREDIT,03/01/2019,"QuickPay with Zelle payment from KEVIN THULL 7898950444",1000.00,QUICKPAY_CREDIT,35797.31,,
CREDIT,03/01/2019,"QuickPay with Zelle payment from ANDREA R SOPER 7899067888",1000.00,QUICKPAY_CREDIT,34797.31,,
CREDIT,02/28/2019,"Bloomberg LP     PAYROLL                    PPD ID: 1133417984",3867.96,ACH_CREDIT,33797.31,,
CREDIT,02/28/2019,"Bloomberg LP     PAYROLL                    PPD ID: 1133417984",15518.08,ACH_CREDIT,29929.35,,
DEBIT,02/25/2019,"APL*ITUNES.COM/BILL 866-712-7753 CA          02/25",-9.99,DEBIT_CARD,14411.27,,
DEBIT,02/25/2019,"FRONTPOINT SECUR RECEIVABLE                 PPD ID: 1260202317",-260.20,ACH_DEBIT,14421.26,,
DEBIT,02/25/2019,"FID BKG SVC LLC  MONEYLINE                  PPD ID: 0368004600",-1015.00,ACH_DEBIT,14681.46,,
DEBIT,02/25/2019,"QuickPay with Zelle payment to Murtaza  7973683240",-18.00,QUICKPAY_DEBIT,15696.46,,
DEBIT,02/25/2019,"Payment to Chase card ending in 7983 02/25",-179.99,ACCT_XFER,15714.46,,
DEBIT,02/25/2019,"Payment to Chase card ending in 5219 02/25",-3147.47,ACCT_XFER,15894.45,,
DEBIT,02/25/2019,"QuickPay with Zelle payment to Murtaza  7967893302",-1916.00,QUICKPAY_DEBIT,19041.92,,
DSLIP,02/25/2019,"REMOTE ONLINE DEPOSIT #          1",89.04,CHECK_DEPOSIT,20957.92,1,
DSLIP,02/25/2019,"REMOTE ONLINE DEPOSIT #          1",218.70,CHECK_DEPOSIT,20868.88,1,
DSLIP,02/25/2019,"REMOTE ONLINE DEPOSIT #          1",312.12,CHECK_DEPOSIT,20650.18,1,
DSLIP,02/25/2019,"REMOTE ONLINE DEPOSIT #          1",367.74,CHECK_DEPOSIT,20338.06,1,
DSLIP,02/25/2019,"REMOTE ONLINE DEPOSIT #          1",440.64,CHECK_DEPOSIT,19970.32,1,
DSLIP,02/21/2019,"REMOTE ONLINE DEPOSIT #          1",2355.00,CHECK_DEPOSIT,19529.68,1,
DEBIT,02/20/2019,"VENMO            VERIFYBAN  1773752998      WEB ID: 8264681992",-0.09,ACH_DEBIT,17174.68,,
DEBIT,02/20/2019,"VENMO            VERIFYBAN  1773752996      WEB ID: 8264681992",-0.21,ACH_DEBIT,17174.77,,
DEBIT,02/20/2019,"CON ED OF NY     INTELL CK                  PPD ID: 2462467002",-68.63,ACH_DEBIT,17174.98,,
CREDIT,02/20/2019,"VENMO            VERIFYBAN                  PPD ID: 7264681992",0.09,ACH_CREDIT,17243.61,,
CREDIT,02/20/2019,"VENMO            VERIFYBAN                  PPD ID: 7264681992",0.21,ACH_CREDIT,17243.52,,
CREDIT,02/20/2019,"VENMO            CASHOUT                    PPD ID: 5264681992",122.00,ACH_CREDIT,17243.31,,
DEBIT,02/19/2019,"PLANET FIT       CLUB FEES                  PPD ID: 1710602737",-22.98,ACH_DEBIT,17121.31,,
DEBIT,02/19/2019,"TIME WARNER CABL CABLE PAY  0014326239  SPA WEB ID: C815015000",-74.94,ACH_DEBIT,17144.29,,
DEBIT,02/19/2019,"QuickPay with Zelle payment to sergiy 7954769793",-40.00,QUICKPAY_DEBIT,17219.23,,
CREDIT,02/19/2019,"QuickPay with Zelle payment from ANDRII KLYSHEIKO 7946274008",30.00,QUICKPAY_CREDIT,17259.23,,
DSLIP,02/19/2019,"REMOTE ONLINE DEPOSIT #          1",400.00,CHECK_DEPOSIT,17229.23,1,
DEBIT,02/15/2019,"Ocwen            MORTG PMNT                 PPD ID: 5010681100",-2179.99,ACH_DEBIT,16829.23,,
CREDIT,02/15/2019,"Bloomberg LP     PAYROLL                    PPD ID: 1133417984",3300.06,ACH_CREDIT,19009.22,,
CHECK,02/14/2019,"CHECK 374  ",-1800.00,CHECK_PAID,15709.16,374,
CREDIT,02/13/2019,"INTEREST PAYMENT",0.14,MISC_CREDIT,17509.16,,
DEBIT,02/08/2019,"9640 AMC ONLINE 888-440-4262 KS              02/08",-19.95,DEBIT_CARD,17509.02,,
DEBIT,02/05/2019,"QuickPay with Zelle payment to First Choice Inspectors 7913111778",-300.00,QUICKPAY_DEBIT,17528.97,,
DEBIT,02/04/2019,"FRONTPOINT SECUR RECEIVABLE                 PPD ID: 1260202317",-38.09,ACH_DEBIT,17828.97,,
DEBIT,02/04/2019,"Connected Proper RESIDENT    120481400      WEB ID: 2273639005",-305.99,ACH_DEBIT,17867.06,,
DEBIT,02/04/2019,"QuickPay with Zelle payment to First Choice Inspectors 7909371122",-100.00,QUICKPAY_DEBIT,18173.05,,
DSLIP,02/04/2019,"REMOTE ONLINE DEPOSIT #          1",10.00,CHECK_DEPOSIT,18273.05,1,
DEBIT,02/01/2019,"APL*ITUNES.COM/BILL 800-275-2273 CA          01/31",-10.60,DEBIT_CARD,18263.05,,
CREDIT,02/01/2019,"QuickPay with Zelle payment from KEVIN THULL 7805546441",1000.00,QUICKPAY_CREDIT,18273.65,,
CREDIT,02/01/2019,"QuickPay with Zelle payment from ANDREA R SOPER 7805601307",1000.00,QUICKPAY_CREDIT,17273.65,,
DEBIT,01/31/2019,"LIBERTY MUTUAL   PAYMENT                    PPD ID: 9267721101",-30.75,ACH_DEBIT,16273.65,,
CREDIT,01/31/2019,"Bloomberg LP     PAYROLL                    PPD ID: 1133417984",2965.50,ACH_CREDIT,16304.40,,
DEBIT,01/25/2019,"APL*ITUNES.COM/BILL 800-275-2273 CA          01/25",-9.99,DEBIT_CARD,13338.90,,
DEBIT,01/25/2019,"APL*ITUNES.COM/BILL 800-275-2273 CA          01/25",-5.30,DEBIT_CARD,13348.89,,
DEBIT,01/23/2019,"Payment to Chase card ending in 5219 01/23",-4911.43,ACCT_XFER,13354.19,,
DEBIT,01/17/2019,"PLANET FIT       CLUB FEES                  PPD ID: 1710602737",-22.98,ACH_DEBIT,18265.62,,
DEBIT,01/17/2019,"TIME WARNER CABL CABLE PAY  0014326239  SPA WEB ID: C815015000",-131.98,ACH_DEBIT,18288.60,,
DEBIT,01/16/2019,"CON ED OF NY     INTELL CK                  PPD ID: 2462467002",-24.57,ACH_DEBIT,18420.58,,
DEBIT,01/16/2019,"Connected Proper RESIDENT    119363596      WEB ID: 2273639005",-363.32,ACH_DEBIT,18445.15,,
DEBIT,01/15/2019,"CON ED OF NY     INTELL CK                  PPD ID: 2462467002",-79.30,ACH_DEBIT,18808.47,,
DEBIT,01/15/2019,"Ocwen            MORTG PMNT                 PPD ID: 5010681100",-2179.99,ACH_DEBIT,18887.77,,
CREDIT,01/15/2019,"Bloomberg LP     PAYROLL                    PPD ID: 1133417984",3299.55,ACH_CREDIT,21067.76,,
CREDIT,01/14/2019,"INTEREST PAYMENT",0.16,MISC_CREDIT,17768.21,,
CREDIT,01/09/2019,"PAYPAL           TRANSFER                   PPD ID: PAYPALSDW1",649.90,ACH_CREDIT,17768.05,,
DEBIT,01/08/2019,"9640 AMC ONLINE 888-440-4262 KS              01/08",-19.95,DEBIT_CARD,17118.15,,
DEBIT,01/07/2019,"Payment to Chase card ending in 7983 01/07",-2146.54,ACCT_XFER,17138.10,,
CHECK,01/04/2019,"CHECK 355  ",-1800.00,CHECK_PAID,19284.64,355,
DEBIT,01/03/2019,"LIBERTY MUTUAL   PAYMENT                    PPD ID: 9267721101",-30.75,ACH_DEBIT,21084.64,,
DEBIT,01/03/2019,"CHASE CREDIT CRD AUTOPAY                    PPD ID: 4760039224",-226.55,ACH_DEBIT,21115.39,,
DEBIT,01/03/2019,"Connected Proper RESIDENT    117711840      WEB ID: 2273639005",-305.99,ACH_DEBIT,21341.94,,
DEBIT,01/02/2019,"FRONTPOINT SECUR RECEIVABLE                 PPD ID: 1260202317",-34.99,ACH_DEBIT,21647.93,,
CREDIT,01/02/2019,"QuickPay with Zelle payment from ANDREA R SOPER 7714085760",1000.00,QUICKPAY_CREDIT,21682.92,,
CREDIT,01/02/2019,"QuickPay with Zelle payment from KEVIN THULL 7714134071",1000.00,QUICKPAY_CREDIT,20682.92,,
DEBIT,12/31/2018,"CON ED OF NY     INTELL CK                  PPD ID: 2462467002",-48.06,ACH_DEBIT,19682.92,,
CREDIT,12/31/2018,"Bloomberg LP     PAYROLL                    PPD ID: 1133417984",4317.42,ACH_CREDIT,19730.98,,
DEBIT,12/28/2018,"WITHDRAWAL 12/28",-367.44,MISC_DEBIT,15413.56,,
DEBIT,12/28/2018,"9640 AMC ONLINE 888-440-4262 KS              12/28",-16.29,DEBIT_CARD,15781.00,,
DEBIT,12/26/2018,"APL*ITUNES.COM/BILL 800-275-2273 CA          12/25",-9.99,DEBIT_CARD,15797.29,,
DEBIT,12/24/2018,"Online Transfer 7784051759 to Charles Schwab Checking ########3840 transaction #: 7784051759 12/24",-1000.00,ACCT_XFER,15807.28,,
DEBIT,12/24/2018,"ATM WITHDRAWAL                       009608  12/231260 BROA",-100.00,ATM,16807.28,,
DEBIT,12/24/2018,"APL* ITUNES.COM/BILL 866-712-7753 CA         12/23",-5.30,DEBIT_CARD,16907.28,,
DEBIT,12/24/2018,"Payment to Chase card ending in 5219 12/24",-4222.00,ACCT_XFER,16912.58,,
CREDIT,12/20/2018,"PAYPAL           TRANSFER                   PPD ID: PAYPALSD11",529.62,ACH_CREDIT,21134.58,,
DEBIT,12/17/2018,"PLANET FIT       CLUB FEES                  PPD ID: 1710602737",-22.98,ACH_DEBIT,20604.96,,
DEBIT,12/17/2018,"Ocwen            MORTG PMNT                 PPD ID: 5010681100",-2179.99,ACH_DEBIT,20627.94,,
DEBIT,12/17/2018,"QuickPay with Zelle payment to Murtaza  7748982239",-285.00,QUICKPAY_DEBIT,22807.93,,
DEBIT,12/14/2018,"MTA MVM VENDING MACHIN NEW YORK NY   131928  12/14",-32.00,DEBIT_CARD,23092.93,,
CREDIT,12/14/2018,"Bloomberg LP     PAYROLL                    PPD ID: 1133417984",4346.76,ACH_CREDIT,23124.93,,
CREDIT,12/13/2018,"INTEREST PAYMENT",0.14,MISC_CREDIT,18778.17,,
CHECK,12/07/2018,"CHECK # 0371      Herald Towers    CHECK PMTS        ARC ID: 9000179829  ",-2355.00,CHECK_PAID,18778.03,371,
DEBIT,12/05/2018,"MTA MVM VENDING MACHIN NEW YORK NY   000188  12/05",-32.00,DEBIT_CARD,21133.03,,
DEBIT,12/04/2018,"PAYPAL           VERIFYBANK                 PPD ID: PAYPALRD33",-0.20,ACH_DEBIT,21165.03,,
DEBIT,12/04/2018,"Connected Proper RESIDENT    115381438      WEB ID: 2273639005",-305.99,ACH_DEBIT,21165.23,,
CREDIT,12/04/2018,"PAYPAL           VERIFYBANK                 PPD ID: PAYPALRD33",0.08,ACH_CREDIT,21471.22,,
CREDIT,12/04/2018,"PAYPAL           VERIFYBANK                 PPD ID: PAYPALRD33",0.12,ACH_CREDIT,21471.14,,
CREDIT,12/04/2018,"FRONTPOINT SECUR REVERSAL                   PPD ID: 1260202317",34.99,ACH_CREDIT,21471.02,,
CREDIT,12/04/2018,"FRONTPOINT SECUR REVERSAL                   PPD ID: 1260202317",34.99,ACH_CREDIT,21436.03,,
CREDIT,12/04/2018,"PAYPAL           TRANSFER                   PPD ID: PAYPALSD11",1661.61,ACH_CREDIT,21401.04,,
DEBIT,12/03/2018,"LIBERTY MUTUAL   PAYMENT                    PPD ID: 9267721101",-30.75,ACH_DEBIT,19739.43,,
DEBIT,12/03/2018,"FRONTPOINT SECUR RECEIVABLE                 PPD ID: 1260202317",-34.99,ACH_DEBIT,19770.18,,
DEBIT,12/03/2018,"FRONTPOINT SECUR RECEIVABLE                 PPD ID: 1260202317",-34.99,ACH_DEBIT,19805.17,,
DEBIT,12/03/2018,"FRONTPOINT SECUR RECEIVABLE                 PPD ID: 1260202317",-34.99,ACH_DEBIT,19840.16,,
DEBIT,12/03/2018,"KICOPI 32 INC ASTORIA NY                     12/01",-39.74,DEBIT_CARD,19875.15,,
CREDIT,12/03/2018,"QuickPay with Zelle payment from ANDREA R SOPER 7625467574",1000.00,QUICKPAY_CREDIT,19914.89,,
CREDIT,12/03/2018,"QuickPay with Zelle payment from KEVIN THULL 7625380938",1000.00,QUICKPAY_CREDIT,18914.89,,
DEBIT,11/30/2018,"Duane Reade STO 1270 B NEW YORK NY   529838  11/30",-3.59,DEBIT_CARD,17914.89,,
CREDIT,11/30/2018,"Bloomberg LP     PAYROLL                    PPD ID: 1133417984",3579.37,ACH_CREDIT,17918.48,,
DEBIT,11/29/2018,"CON ED OF NY     INTELL CK                  PPD ID: 2462467002",-40.40,ACH_DEBIT,14339.11,,
DEBIT,11/26/2018,"APL*ITUNES.COM/BILL 800-275-2273 CA          11/25",-9.99,DEBIT_CARD,14379.51,,
DEBIT,11/26/2018,"BURLINGTON STORES 235 NEW YORK NY    759499  11/25",-103.41,DEBIT_CARD,14389.50,,
DEBIT,11/21/2018,"WITHDRAWAL 11/21",-1800.00,MISC_DEBIT,14492.91,,
DEBIT,11/21/2018,"WITHDRAWAL 11/21",-1800.00,MISC_DEBIT,16292.91,,
DEBIT,11/19/2018,"PLANET FIT       CLUB FEES                  PPD ID: 1710602737",-22.98,ACH_DEBIT,18092.91,,
DEBIT,11/19/2018,"WITHDRAWAL 11/19",-1840.00,MISC_DEBIT,18115.89,,
DEBIT,11/19/2018,"Payment to Chase card ending in 0289 11/19",-469.68,ACCT_XFER,19955.89,,
DEBIT,11/15/2018,"Ocwen            MORTG PMNT                 PPD ID: 5010681100",-2179.99,ACH_DEBIT,20425.57,,
CREDIT,11/15/2018,"Bloomberg LP     PAYROLL                    PPD ID: 1133417984",3709.94,ACH_CREDIT,22605.56,,
CREDIT,11/14/2018,"INTEREST PAYMENT",0.16,MISC_CREDIT,18895.62,,
DEBIT,11/13/2018,"ATM WITHDRAWAL                       001760  11/113767 75TH",-100.00,ATM,18895.46,,
CHECK,11/08/2018,"CHECK # 0372      Herald Towers    CHECK PMTS        ARC ID: 9000179829  ",-2355.00,CHECK_PAID,18995.46,372,
DEBIT,11/02/2018,"FRONTPOINT SECUR RECEIVABLE                 PPD ID: 1260202317",-34.99,ACH_DEBIT,21350.46,,
DEBIT,11/02/2018,"Connected Proper RESIDENT    112810988      WEB ID: 2273639005",-305.99,ACH_DEBIT,21385.45,,
CREDIT,11/01/2018,"QuickPay with Zelle payment from ANDREA R SOPER 7535867939",1000.00,QUICKPAY_CREDIT,21691.44,,
CREDIT,11/01/2018,"QuickPay with Zelle payment from KEVIN THULL 7535796312",1000.00,QUICKPAY_CREDIT,20691.44,,
DEBIT,10/31/2018,"LIBERTY MUTUAL   PAYMENT                    PPD ID: 9267721101",-27.75,ACH_DEBIT,19691.44,,
CREDIT,10/31/2018,"Bloomberg LP     PAYROLL                    PPD ID: 1133417984",3634.64,ACH_CREDIT,19719.19,,
DEBIT,10/29/2018,"CON ED OF NY     INTELL CK                  PPD ID: 2462467002",-48.00,ACH_DEBIT,16084.55,,
DEBIT,10/29/2018,"Payment to Chase card ending in 0289 10/29",-61.86,ACCT_XFER,16132.55,,
DEBIT,10/29/2018,"Payment to Chase card ending in 8751 10/29",-9.80,ACCT_XFER,16194.41,,
DSLIP,10/29/2018,"DEPOSIT  ID NUMBER 976569",58.00,DEPOSIT,16204.21,,
DEBIT,10/26/2018,"APL*ITUNES.COM/BILL 800-275-2273 CA          10/25",-9.99,DEBIT_CARD,16146.21,,
DEBIT,10/22/2018,"METROCARD VALUE @ PATH NEW YORK NY   009103  10/21",-6.50,DEBIT_CARD,16156.20,,
DEBIT,10/18/2018,"Payment to Chase card ending in 8751 10/18",-326.28,ACCT_XFER,16162.70,,
DEBIT,10/18/2018,"Payment to Chase card ending in 0289 10/18",-1220.90,ACCT_XFER,16488.98,,
DEBIT,10/17/2018,"PLANET FIT       CLUB FEES                  PPD ID: 1710602737",-22.98,ACH_DEBIT,17709.88,,
DEBIT,10/17/2018,"ATM WITHDRAWAL                       006009  10/1751 W 51ST",-100.00,ATM,17732.86,,
DEBIT,10/15/2018,"Ocwen            MORTG PMNT                 PPD ID: 5010681100",-2179.99,ACH_DEBIT,17832.86,,
DEBIT,10/15/2018,"VENMO* Visa Direct NY                        10/13",-100.00,DEBIT_CARD,20012.85,,
DEBIT,10/15/2018,"VENMO*Melnychuk Ievg NEW YORK CITY NY308287  10/13",14.75,DEBIT_CARD,20112.85,,
CREDIT,10/15/2018,"Bloomberg LP     PAYROLL                    PPD ID: 1133417984",3709.93,ACH_CREDIT,20098.10,,
CREDIT,10/12/2018,"INTEREST PAYMENT",0.13,MISC_CREDIT,16388.17,,
DEBIT,10/09/2018,"FID BKG SVC LLC  MONEYLINE                  PPD ID: 0368004600",-2000.00,ACH_DEBIT,16388.04,,
DEBIT,10/05/2018,"ATM WITHDRAWAL                       002836  10/05277 PARK",-140.00,ATM,18388.04,,
CHECK,10/04/2018,"CHECK # 0401      Herald Towers    CHECK PMTS        ARC ID: 9000179829  ",-2355.00,CHECK_PAID,18528.04,401,
DEBIT,10/03/2018,"LIBERTY MUTUAL   PAYMENT                    PPD ID: 9267721101",-27.75,ACH_DEBIT,20883.04,,
DEBIT,10/03/2018,"ATM WITHDRAWAL                       004720  10/03245 7TH A",-100.00,ATM,20910.79,,
DEBIT,10/02/2018,"FRONTPOINT SECUR RECEIVABLE                 PPD ID: 1260202317",-34.99,ACH_DEBIT,21010.79,,
DEBIT,10/02/2018,"Connected Proper RESIDENT    110323148      WEB ID: 2273639005",-305.99,ACH_DEBIT,21045.78,,
CREDIT,10/02/2018,"SCHWAB BANK      P2P        IEVGEN MELNYCHU WEB ID: 3615220001",1833.31,ACH_CREDIT,21351.77,,
CREDIT,10/01/2018,"QuickPay with Zelle payment from KEVIN THULL 7451149716",1000.00,QUICKPAY_CREDIT,19518.46,,
CREDIT,10/01/2018,"QuickPay with Zelle payment from ANDREA R SOPER 7451202426",1000.00,QUICKPAY_CREDIT,18518.46,,
CREDIT,09/28/2018,"Bloomberg LP     PAYROLL                    PPD ID: 1133417984",3634.64,ACH_CREDIT,17518.46,,
DEBIT,09/27/2018,"CON ED OF NY     INTELL CK                  PPD ID: 2462467002",-51.78,ACH_DEBIT,13883.82,,
DEBIT,09/25/2018,"APL*ITUNES.COM/BILL 800-275-2273 CA          09/25",-9.99,DEBIT_CARD,13935.60,,
DEBIT,09/20/2018,"NJT NY PENN STA   5096 NEW YORK NY           09/19",-13.00,DEBIT_CARD,13945.59,,
DEBIT,09/20/2018,"POKEWORKS NEW YORK NY                        09/19",-19.21,DEBIT_CARD,13958.59,,
DEBIT,09/19/2018,"Payment to Chase card ending in 0289 09/19",-1547.78,ACCT_XFER,13977.80,,
DEBIT,09/19/2018,"Payment to Chase card ending in 8751 09/19",-2427.34,ACCT_XFER,15525.58,,
DEBIT,09/18/2018,"SCHWAB BANK      TRANSFER   000440028793840 WEB ID: 3615220001",-4000.00,ACH_DEBIT,17952.92,,
DEBIT,09/17/2018,"PLANET FIT       CLUB FEES                  PPD ID: 1710602737",-22.98,ACH_DEBIT,21952.92,,
DEBIT,09/17/2018,"Ocwen            MORTG PMNT                 PPD ID: 5010681100",-1879.99,ACH_DEBIT,21975.90,,
DEBIT,09/17/2018,"UNIQLO NY 34TH ST #32 NEW YORK NY            09/12",-189.40,DEBIT_CARD,23855.89,,
DEBIT,09/17/2018,"DUNKIN #355206 NEW YORK NY                   09/16",-4.02,DEBIT_CARD,24045.29,,
DEBIT,09/17/2018,"EPIC SPIRITS NEW YORK NY                     09/15",-65.31,DEBIT_CARD,24049.31,,
CREDIT,09/14/2018,"INTEREST PAYMENT",0.19,MISC_CREDIT,24114.62,,
DEBIT,09/14/2018,"NATURAL WIRELESS 201-438-2865 NJ             09/14",-119.85,DEBIT_CARD,24114.43,,
CREDIT,09/14/2018,"Bloomberg LP     PAYROLL                    PPD ID: 1133417984",3608.00,ACH_CREDIT,24234.28,,
DEBIT,09/13/2018,"FOREIGN EXCHANGE RATE ADJUSTMENT FEE         09/12VENEZIA U",-0.91,FEE_TRANSACTION,20626.28,,
DEBIT,09/13/2018,"VENEZIA UNICA VENEZIA    RM                  09/12 Euro       26.10 X 1.165134 (EXCHG RTE)",-30.41,DEBIT_CARD,20627.19,,
DEBIT,09/13/2018,"FOREIGN EXCHANGE RATE ADJUSTMENT FEE         09/12HTTPS://W",-1.32,FEE_TRANSACTION,20657.60,,
DEBIT,09/13/2018,"HTTPS://WEBSHOP.B-TIC OSMANNORO              09/12 Euro       38.00 X 1.165000 (EXCHG RTE)",-44.27,DEBIT_CARD,20658.92,,
DEBIT,09/12/2018,"PAYPAL *LASERCAPRIS 402-935-7733 CA          09/12",-40.81,DEBIT_CARD,20703.19,,
DEBIT,09/12/2018,"VIATOR 415-503-3977 CA                       09/11",-47.12,DEBIT_CARD,20744.00,,
DEBIT,09/12/2018,"FOREIGN EXCHANGE RATE ADJUSTMENT FEE         09/10bigliette",-1.46,FEE_TRANSACTION,20791.12,,
DEBIT,09/12/2018,"biglietteriamusei.va Citt  del Vat           09/10 Euro       42.00 X 1.164524 (EXCHG RTE)",-48.91,DEBIT_CARD,20792.58,,
CHECK,09/10/2018,"CHECK # 0321      Herald Towers    CHECK PMTS        ARC ID: 9000179829  ",-2355.00,CHECK_PAID,20841.49,321,
DEBIT,09/06/2018,"MIRAJ HEALTHY GRILL NEW YORK NY              09/05",-49.45,DEBIT_CARD,23196.49,,
DEBIT,09/05/2018,"Connected Proper RESIDENT    108330751      WEB ID: 2273639005",-305.99,ACH_DEBIT,23245.94,,
DEBIT,09/04/2018,"FRONTPOINT SECUR RECEIVABLE                 PPD ID: 1260202317",-34.99,ACH_DEBIT,23551.93,,
DEBIT,09/04/2018,"APL* ITUNES.COM/BILL 866-712-7753 CA         09/03",-5.30,DEBIT_CARD,23586.92,,
DEBIT,09/04/2018,"ISTANBUL GRILL NEW YORK NY                   09/02",-59.92,DEBIT_CARD,23592.22,,
DEBIT,09/04/2018,"MR PURPLE NEW YORK NY                        09/01",-73.15,DEBIT_CARD,23652.14,,
CREDIT,09/04/2018,"QuickPay with Zelle payment from ANDREA R SOPER 7361792539",1000.00,QUICKPAY_CREDIT,23725.29,,
CREDIT,09/04/2018,"QuickPay with Zelle payment from KEVIN THULL 7361722490",1000.00,QUICKPAY_CREDIT,22725.29,,
DEBIT,08/31/2018,"LIBERTY MUTUAL   PAYMENT                    PPD ID: 9267721101",-27.75,ACH_DEBIT,21725.29,,
CREDIT,08/31/2018,"Bloomberg LP     PAYROLL                    PPD ID: 1133417984",3220.78,ACH_CREDIT,21753.04,,
DEBIT,08/29/2018,"MARTELLS TIKI BAR POINT PLEASAN NJ           08/27",-37.79,DEBIT_CARD,18532.26,,
DEBIT,08/29/2018,"MARTELLS TIKI BAR POINT PLEASAN NJ           08/27",-20.66,DEBIT_CARD,18570.05,,
DEBIT,08/28/2018,"CON ED OF NY     INTELL CK                  PPD ID: 2462467002",-42.58,ACH_DEBIT,18590.71,,
DEBIT,08/28/2018,"Payment to Chase card ending in 8751 08/28",-1752.64,ACCT_XFER,18633.29,,
DEBIT,08/28/2018,"Payment to Chase card ending in 5842 08/28",-272.43,ACCT_XFER,20385.93,,
DEBIT,08/27/2018,"NON-CHASE ATM WITHDRAW               576632  08/27409 BOARD",-43.00,ATM,20658.36,,
DEBIT,08/27/2018,"MCDONALD'S F11036 SAUGERTIES NY              08/26",-15.19,DEBIT_CARD,20701.36,,
DEBIT,08/27/2018,"APL* ITUNES.COM/BILL 866-712-7753 CA         08/26",-9.99,DEBIT_CARD,20716.55,,
DEBIT,08/27/2018,"JIAN BING MAN. NEW YORK NY                   08/26",-19.59,DEBIT_CARD,20726.54,,
DEBIT,08/27/2018,"SQ *ROLL & KATSU KITCHE New York NY          08/25",-13.00,DEBIT_CARD,20746.13,,
DEBIT,08/27/2018,"MTA MVM VENDING MACHIN NEW YORK NY   483516  08/25",-10.00,DEBIT_CARD,20759.13,,
DEBIT,08/27/2018,"NON-CHASE ATM WITHDRAW               277601  08/25427 BROAD",-202.00,ATM,20769.13,,
DEBIT,08/27/2018,"Duane Reade STO 1270 B NEW YORK NY   027562  08/25",-15.98,DEBIT_CARD,20971.13,,
DEBIT,08/27/2018,"LITTLE ITALY PIZZA NEW YORK NY               08/25",-2.00,DEBIT_CARD,20987.11,,
DEBIT,08/27/2018,"LITTLE ITALY PIZZA NEW YORK NY               08/24",-19.36,DEBIT_CARD,20989.11,,
DEBIT,08/27/2018,"54N11BK BROOKLYN NY                          08/25",-100.00,DEBIT_CARD,21008.47,,
DEBIT,08/27/2018,"SMOKE CITY NYC NEW YORK NY                   08/24",-14.50,DEBIT_CARD,21108.47,,
DEBIT,08/27/2018,"THE BOTTLENOSE WINE CO NEW YORK NY           08/24",-115.41,DEBIT_CARD,21122.97,,
DEBIT,08/27/2018,"SPICE SYMPHONY NEW YORK NY                   08/24",-30.04,DEBIT_CARD,21238.38,,
CREDIT,08/27/2018,"QuickPay with Zelle payment from ANDRII KLYSHEIKO 7434048258",40.00,QUICKPAY_CREDIT,21268.42,,
CREDIT,08/27/2018,"QuickPay with Zelle payment from ANDRII KLYSHEIKO 7433852281",75.00,QUICKPAY_CREDIT,21228.42,,
CREDIT,08/27/2018,"QuickPay with Zelle payment from ANDRII KLYSHEIKO 7433896746",100.00,QUICKPAY_CREDIT,21153.42,,
DEBIT,08/24/2018,"Le Singe Vert New York NY                    08/22",-32.31,DEBIT_CARD,21053.42,,
DEBIT,08/24/2018,"THE SKIN SPA FLAT IRON NEW YORK NY           08/22",-33.49,DEBIT_CARD,21085.73,,
DEBIT,08/23/2018,"FID BKG SVC LLC  MONEYLINE                  PPD ID: 0368004600",-1000.00,ACH_DEBIT,21119.22,,
DEBIT,08/21/2018,"FID BKG SVC LLC  MONEYLINE                  PPD ID: 0368004600",-1000.00,ACH_DEBIT,22119.22,,
DEBIT,08/20/2018,"Duane Reade STO 300 E NEW YORK NY    330086  08/18",-14.14,DEBIT_CARD,23119.22,,
DEBIT,08/20/2018,"TAXI SVC 41-25 36TH S LONG IS CITY NY        08/17",-21.36,DEBIT_CARD,23133.36,,
DEBIT,08/17/2018,"PLANET FIT       CLUB FEES                  PPD ID: 1710602737",-22.98,ACH_DEBIT,23154.72,,
DEBIT,08/17/2018,"REDEMPTION GRILL NEW YORK NY                 08/17",-25.75,DEBIT_CARD,23177.70,,
DEBIT,08/17/2018,"00813 LAUNDRY CARD NEW YORK NY               08/15",-30.00,DEBIT_CARD,23203.45,,
DEBIT,08/15/2018,"Ocwen            MORTG PMNT                 PPD ID: 5010681100",-1879.99,ACH_DEBIT,23233.45,,
DEBIT,08/15/2018,"MACY'S      003 WEST 3 NEW YORK NY   038424  08/15",-122.32,DEBIT_CARD,25113.44,,
CREDIT,08/15/2018,"Bloomberg LP     PAYROLL                    PPD ID: 1133417984",3288.56,ACH_CREDIT,25235.76,,
DEBIT,08/14/2018,"TAXI SVC ASTORIA ASTORIA NY                  08/12",-16.56,DEBIT_CARD,21947.20,,
CREDIT,08/13/2018,"INTEREST PAYMENT",0.20,MISC_CREDIT,21963.76,,
DEBIT,08/13/2018,"TARGET T- 112 W 34th S New York NY           08/13",-39.81,DEBIT_CARD,21963.56,,
DEBIT,08/13/2018,"REGAL E WALK 13 NEW YORK NY                  08/13",-6.30,DEBIT_CARD,22003.37,,
DEBIT,08/13/2018,"REGAL E WALK 13 NEW YORK NY                  08/13",-17.15,DEBIT_CARD,22009.67,,
DEBIT,08/13/2018,"FRANKIES 570 SPUNTINO NEW YORK NY            08/12",-60.00,DEBIT_CARD,22026.82,,
DEBIT,08/13/2018,"TICK TOCK DINER - NY NEW YORK NY             08/12",-43.08,DEBIT_CARD,22086.82,,
DEBIT,08/13/2018,"VENMO* Visa Direct NY                        08/12",-100.00,DEBIT_CARD,22129.90,,
DEBIT,08/13/2018,"FOOT LOCKER 08747 NEW YORK NY        962760  08/11",-90.00,DEBIT_CARD,22229.90,,
DEBIT,08/13/2018,"SAIGON CAFE JERSEY CITY NJ                   08/11",-26.39,DEBIT_CARD,22319.90,,
DEBIT,08/13/2018,"URBAN OUTFITTERS 182 B NEW YORK NY   754445  08/11",-21.72,DEBIT_CARD,22346.29,,
DEBIT,08/13/2018,"ZARA USA 303 NEW YORK NY                     08/11",-45.39,DEBIT_CARD,22368.01,,
DEBIT,08/13/2018,"Duane Reade STO 1350 B NEW YORK NY   105003  08/11",-13.86,DEBIT_CARD,22413.40,,
DEBIT,08/13/2018,"TAXI SVC WOODSIDE WOODSIDE NY                08/11",-7.56,DEBIT_CARD,22427.26,,
DEBIT,08/13/2018,"THE PAUL HOTEL RESTURAN NEW YORK NY          08/10",-62.26,DEBIT_CARD,22434.82,,
DEBIT,08/13/2018,"TAXI SVC LONG ISALND C ASTORIA NY            08/10",-8.76,DEBIT_CARD,22497.08,,
DEBIT,08/10/2018,"GNC #03970 GNC 0397013 NEW YORK NY   619965  08/10",-35.99,DEBIT_CARD,22505.84,,
DEBIT,08/09/2018,"POINT PLEASANT BEACH M 732-8921118 NJ        08/08",-50.00,DEBIT_CARD,22541.83,,
CHECK,08/08/2018,"CHECK # 0400      Herald Towers    CHECK PMTS        ARC ID: 9000179829  ",-2355.00,CHECK_PAID,22591.83,400,
DEBIT,08/08/2018,"H&M0002 NEW YORK NY                  565486  08/08",-25.98,DEBIT_CARD,24946.83,,
DEBIT,08/07/2018,"VENMO 855-812-4430 NY                        08/06",-225.00,DEBIT_CARD,24972.81,,
DEBIT,08/06/2018,"TARGET T- 112 W 34th S NEW YORK NY           08/06",-7.12,DEBIT_CARD,25197.81,,
DEBIT,08/06/2018,"QuickPay with Zelle payment to  Andrei Klysheiko  7379470131",-80.00,QUICKPAY_DEBIT,25204.93,,
DEBIT,08/06/2018,"FAIRWAY C 766 6TH AVE NEW YORK NY            08/05",-337.27,DEBIT_CARD,25284.93,,
DEBIT,08/06/2018,"PERSEPOLIS NEW YORK NY                       08/05",-40.75,DEBIT_CARD,25622.20,,
DEBIT,08/06/2018,"LE SOUK NEW YORK NY                          08/05",-14.00,DEBIT_CARD,25662.95,,
DEBIT,08/06/2018,"TAO DOWNTOWN NEW YORK NY                     08/05",-45.28,DEBIT_CARD,25676.95,,
DEBIT,08/06/2018,"7-ELEVEN NEW YORK NY                         08/04",-14.14,DEBIT_CARD,25722.23,,
DEBIT,08/06/2018,"COOLVINES - JC JERSEY CITY NJ                08/04",-52.25,DEBIT_CARD,25736.37,,
DEBIT,08/06/2018,"PARK AVENUE TAVERN NEW YORK NY               08/04",-30.59,DEBIT_CARD,25788.62,,
DEBIT,08/06/2018,"TAXI SVC WOODSIDE WOODSIDE NY                08/04",-8.76,DEBIT_CARD,25819.21,,
DEBIT,08/06/2018,"Duane Reade STO 1270 B NEW YORK NY   034206  08/04",-10.36,DEBIT_CARD,25827.97,,
DEBIT,08/06/2018,"MCDONALD'S F2702 NEW YORK NY                 08/04",-4.13,DEBIT_CARD,25838.33,,
DEBIT,08/06/2018,"THE BOWERY ELECTRIC NEW YORK NY              08/04",-12.89,DEBIT_CARD,25842.46,,
DEBIT,08/06/2018,"ATM WITHDRAWAL                       006985  08/041260 BROA",-40.00,ATM,25855.35,,
DEBIT,08/06/2018,"HEALTHY GOURMET FLUSHING NY                  08/03",-3.26,DEBIT_CARD,25895.35,,
DEBIT,08/06/2018,"HEALTHY GOURMET FLUSHING NY                  08/03",-23.93,DEBIT_CARD,25898.61,,
DEBIT,08/06/2018,"AHANA SUSHI NEW YORK NY                      08/02",-50.48,DEBIT_CARD,25922.54,,
DEBIT,08/06/2018,"KATAGIRI & CO NEW YORK NY                    08/03",-16.98,DEBIT_CARD,25973.02,,
DEBIT,08/06/2018,"EXPEDIA 7365963369253 EXPEDIA.COM WA         08/06",20.00,DEBIT_CARD,25990.00,,
DEBIT,08/03/2018,"STARBUCKS STORE 10693 NEW YORK NY            08/02",-3.10,DEBIT_CARD,25970.00,,
DEBIT,08/02/2018,"FRONTPOINT SECUR RECEIVABLE                 PPD ID: 1260202317",-34.99,ACH_DEBIT,25973.10,,
DEBIT,08/02/2018,"Connected Proper RESIDENT    105744070      WEB ID: 2273639005",-305.99,ACH_DEBIT,26008.09,,
DEBIT,08/01/2018,"LIBERTY MUTUAL   PAYMENT                    PPD ID: 9267721101",-27.75,ACH_DEBIT,26314.08,,
DEBIT,08/01/2018,"CVS/PHARM 10612--5TH A MANHATTAN NY          08/01",-1.73,DEBIT_CARD,26341.83,,
DEBIT,08/01/2018,"MUSCLE MAKER GRILL - M NEW YORK NY           07/31",-6.85,DEBIT_CARD,26343.56,,
DEBIT,08/01/2018,"709 POINT PLEASAN NJ                         07/30",-36.99,DEBIT_CARD,26350.41,,
DEBIT,08/01/2018,"MARTELLS TIKI BAR POINT PLEASAN NJ           07/30",-48.83,DEBIT_CARD,26387.40,,
CREDIT,08/01/2018,"QuickPay with Zelle payment from ANDREA R SOPER 7277613321",1000.00,QUICKPAY_CREDIT,26436.23,,
CREDIT,08/01/2018,"QuickPay with Zelle payment from KEVIN THULL 7277540616",1000.00,QUICKPAY_CREDIT,25436.23,,
DEBIT,07/31/2018,"NJT NEWARK        0135 NEWARK NJ             07/30",-5.25,DEBIT_CARD,24436.23,,
DEBIT,07/31/2018,"RACEWAY  2933 61050035 UNION NJ              07/30",-22.84,DEBIT_CARD,24441.48,,
CREDIT,07/31/2018,"Bloomberg LP     PAYROLL                    PPD ID: 1133417984",3220.78,ACH_CREDIT,24464.32,,
DEBIT,07/30/2018,"CON ED OF NY     INTELL CK                  PPD ID: 2462467002",-49.55,ACH_DEBIT,21243.54,,
DEBIT,07/30/2018,"NON-CHASE ATM WITHDRAW               575810  07/30504 ARNOL",-42.09,ATM,21293.09,,
DEBIT,07/30/2018,"HARD ROCK ATLANTIC C ATLANTIC CITY NJ        07/30",-21.02,DEBIT_CARD,21335.18,,
DEBIT,07/30/2018,"HARD ROCK ATLANTIC C ATLANTIC CITY NJ        07/30",-15.98,DEBIT_CARD,21356.20,,
DEBIT,07/30/2018,"HARD ROCK ATLANTIC C ATLANTIC CITY NJ        07/30",-24.83,DEBIT_CARD,21372.18,,
DEBIT,07/30/2018,"NIGHTCLUB ATLANTIC CITY NJ                   07/30",-90.00,DEBIT_CARD,21397.01,,
DEBIT,07/30/2018,"7-ELEVEN ATLANTIC CITY NJ                    07/30",-14.95,DEBIT_CARD,21487.01,,
DEBIT,07/30/2018,"HONG KONG HOUSE ATLANTIC CITY NJ             07/30",-17.30,DEBIT_CARD,21501.96,,
DEBIT,07/30/2018,"OCEAN RESORT CASINO ATLANTIC CITY NJ         07/29",-30.00,DEBIT_CARD,21519.26,,
DEBIT,07/30/2018,"WHITE HORSE WINE & ABSECON NJ        283917  07/29",-48.99,DEBIT_CARD,21549.26,,
DEBIT,07/30/2018,"SQ *SHANTLTALI BARBERSH New York NY          07/29",-36.00,DEBIT_CARD,21598.25,,
DEBIT,07/30/2018,"CORK & BOTTLE NEW YORK NY                    07/28",-21.76,DEBIT_CARD,21634.25,,
DEBIT,07/30/2018,"ATM WITHDRAWAL                       002165  07/271260 BROA",-40.00,ATM,21656.01,,
DEBIT,07/27/2018,"Payment to Chase card ending in 2249 07/27",-859.44,ACCT_XFER,21696.01,,
DEBIT,07/27/2018,"Payment to Chase card ending in 2382 07/27",-1479.37,ACCT_XFER,22555.45,,
DEBIT,07/24/2018,"WITHDRAWAL 07/24",-800.00,MISC_DEBIT,24034.82,,
DEBIT,07/20/2018,"WITHDRAWAL 07/20",-500.00,MISC_DEBIT,24834.82,,
CREDIT,07/18/2018,"Reversal: SQ *DREAM HOSPITALITY G New York NY          07/15  ClaimId: 034372098420001",43.20,ATM,25334.82,,
DEBIT,07/17/2018,"PLANET FIT       CLUB FEES                  PPD ID: 1710602737",-22.98,ACH_DEBIT,25291.62,,
DEBIT,07/17/2018,"Payment to Chase card ending in 2249 07/17",-129.94,ACCT_XFER,25314.60,,
DEBIT,07/17/2018,"Payment to Chase card ending in 2382 07/17",-523.91,ACCT_XFER,25444.54,,
DEBIT,07/17/2018,"OPERA CAFE LOUNGE BROOKLYN NY                07/15",-3.72,DEBIT_CARD,25968.45,,
DEBIT,07/17/2018,"OPERA CAFE LOUNGE BROOKLYN NY                07/15",-14.00,DEBIT_CARD,25972.17,,
DEBIT,07/16/2018,"Ocwen            MORTG PMNT                 PPD ID: 5010681100",-1779.68,ACH_DEBIT,25986.17,,
DEBIT,07/16/2018,"SQ *DREAM HOSPITALITY G New York NY          07/15",-43.20,DEBIT_CARD,27765.85,,
DEBIT,07/16/2018,"TAXI SVC BROOKLYN BROOKLYN NY                07/15",-12.96,DEBIT_CARD,27809.05,,
DEBIT,07/16/2018,"KRAUSZERS SOUTH AMBOY NJ                     07/14",-7.02,DEBIT_CARD,27822.01,,
DEBIT,07/16/2018,"EXPEDIA 7365963369253 EXPEDIA.COM WA         07/14",-20.00,DEBIT_CARD,27829.03,,
CREDIT,07/13/2018,"INTEREST PAYMENT",0.21,MISC_CREDIT,27849.03,,
CREDIT,07/13/2018,"Bloomberg LP     PAYROLL                    PPD ID: 1133417984",3288.58,ACH_CREDIT,27848.82,,
DEBIT,07/12/2018,"Payment to Chase card ending in 2249 07/12",-789.19,ACCT_XFER,24560.24,,
CHECK,07/06/2018,"CHECK # 0408      Herald Towers    CHECK PMTS        ARC ID: 9000179829  ",-2355.00,CHECK_PAID,25349.43,408,
DEBIT,07/05/2018,"Duane Reade STO 1270 B NEW YORK NY   849272  07/05",-11.41,DEBIT_CARD,27704.43,,
DEBIT,07/05/2018,"Duane Reade STO 1270 B NEW YORK NY   131869  07/04",-18.81,DEBIT_CARD,27715.84,,
DEBIT,07/05/2018,"ATM WITHDRAWAL                       007250  07/041260 BROA",-100.00,ATM,27734.65,,
DEBIT,07/03/2018,"LIBERTY MUTUAL   PAYMENT                    PPD ID: 9267721101",-27.75,ACH_DEBIT,27834.65,,
DEBIT,07/03/2018,"Connected Proper RESIDENT    103547387      WEB ID: 2273639005",-305.99,ACH_DEBIT,27862.40,,
DEBIT,07/02/2018,"FRONTPOINT SECUR RECEIVABLE                 PPD ID: 1260202317",-34.99,ACH_DEBIT,28168.39,,
DEBIT,07/02/2018,"PLANET FIT       CLUB FEES                  PPD ID: 1710602737",-40.76,ACH_DEBIT,28203.38,,
DEBIT,07/02/2018,"Payment to Chase card ending in 2382 07/02",-1226.87,ACCT_XFER,28244.14,,
CREDIT,07/02/2018,"QuickPay with Zelle payment from KEVIN THULL 7193449834",1000.00,QUICKPAY_CREDIT,29471.01,,
CREDIT,07/02/2018,"QuickPay with Zelle payment from ANDREA R SOPER 7193542615",1000.00,QUICKPAY_CREDIT,28471.01,,
CREDIT,06/29/2018,"Bloomberg LP     PAYROLL                    PPD ID: 1133417984",3309.33,ACH_CREDIT,27471.01,,
DEBIT,06/28/2018,"CON ED OF NY     INTELL CK                  PPD ID: 2462467002",-49.28,ACH_DEBIT,24161.68,,
DEBIT,06/26/2018,"EPIC SPIRITS NEW YORK NY                     06/26",-15.23,DEBIT_CARD,24210.96,,
DEBIT,06/18/2018,"PLANET FIT       CLUB FEES                  PPD ID: 1710602737",-22.98,ACH_DEBIT,24226.19,,
DEBIT,06/18/2018,"WITHDRAWAL 06/18",-60.00,MISC_DEBIT,24249.17,,
DEBIT,06/15/2018,"Ocwen            MORTG PMNT                 PPD ID: 5010681100",-1779.68,ACH_DEBIT,24309.17,,
DEBIT,06/15/2018,"Payment to Chase card ending in 5231 06/15",-328.45,ACCT_XFER,26088.85,,
CREDIT,06/15/2018,"Bloomberg LP     PAYROLL                    PPD ID: 1133417984",3288.57,ACH_CREDIT,26417.30,,
DEBIT,06/14/2018,"Payment to Chase card ending in 2382 06/14",-256.52,ACCT_XFER,23128.73,,
DEBIT,06/14/2018,"Payment to Chase card ending in 5231 06/14",-882.89,ACCT_XFER,23385.25,,
CREDIT,06/13/2018,"INTEREST PAYMENT",0.19,MISC_CREDIT,24268.14,,
CHECK,06/08/2018,"CHECK # 0410      Herald Towers    CHECK PMTS        ARC ID: 9000179829  ",-2355.00,CHECK_PAID,24267.95,410,
DEBIT,06/04/2018,"FRONTPOINT SECUR RECEIVABLE                 PPD ID: 1260202317",-34.99,ACH_DEBIT,26622.95,,
DEBIT,06/04/2018,"Connected Proper RESIDENT    101220276      WEB ID: 2273639005",-305.99,ACH_DEBIT,26657.94,,
CREDIT,06/01/2018,"QuickPay with Zelle payment from KEVIN THULL 7108570590",1000.00,QUICKPAY_CREDIT,26963.93,,
CREDIT,06/01/2018,"QuickPay with Zelle payment from ANDREA R SOPER 7108635850",1000.00,QUICKPAY_CREDIT,25963.93,,
DEBIT,05/31/2018,"LIBERTY MUTUAL   PAYMENT                    PPD ID: 9267721101",-27.75,ACH_DEBIT,24963.93,,
CREDIT,05/31/2018,"Bloomberg LP     PAYROLL                    PPD ID: 1133417984",4175.82,ACH_CREDIT,24991.68,,
DEBIT,05/30/2018,"CON ED OF NY     INTELL CK                  PPD ID: 2462467002",-49.46,ACH_DEBIT,20815.86,,
DEBIT,05/29/2018,"Payment to Chase card ending in 2382 05/29",-913.38,ACCT_XFER,20865.32,,
DEBIT,05/29/2018,"Payment to Chase card ending in 5231 05/29",-624.11,ACCT_XFER,21778.70,,
DEBIT,05/24/2018,"IRISH EXIT SALOON NEW YORK NY                04/28",-6.00,DEBIT_CARD,22402.81,,
DEBIT,05/17/2018,"PLANET FIT       CLUB FEES                  PPD ID: 1710602737",-22.98,ACH_DEBIT,22408.81,,
DEBIT,05/16/2018,"WITHDRAWAL 05/16",-160.00,MISC_DEBIT,22431.79,,
DEBIT,05/15/2018,"Ocwen            MORTG PMNT                 PPD ID: 5010681100",-1779.68,ACH_DEBIT,22591.79,,
DEBIT,05/15/2018,"Payment to Chase card ending in 5231 05/15",-483.65,ACCT_XFER,24371.47,,
DEBIT,05/15/2018,"Payment to Chase card ending in 2382 05/15",-799.45,ACCT_XFER,24855.12,,
CREDIT,05/15/2018,"Bloomberg LP     PAYROLL                    PPD ID: 1133417984",4243.63,ACH_CREDIT,25654.57,,
DEBIT,05/08/2018,"QuickPay with Zelle payment to ANDREA R SOPER 7131140110",-44.50,QUICKPAY_DEBIT,21410.94,,
DEBIT,05/08/2018,"Payment to Chase card ending in 2382 05/08",-994.74,ACCT_XFER,21455.44,,
DEBIT,05/08/2018,"Payment to Chase card ending in 5231 05/08",-1312.54,ACCT_XFER,22450.18,,
DEBIT,05/07/2018,"QuickPay with Zelle payment to ANDREA R SOPER 7127842009",-142.75,QUICKPAY_DEBIT,23762.72,,
CHECK,05/04/2018,"CHECK # 0407      Herald Towers    CHECK PMTS        ARC ID: 9000179829  ",-2355.00,CHECK_PAID,23905.47,407,
DEBIT,05/02/2018,"LIBERTY MUTUAL   PAYMENT                    PPD ID: 9267721101",-27.75,ACH_DEBIT,26260.47,,
DEBIT,05/02/2018,"FRONTPOINT SECUR RECEIVABLE                 PPD ID: 1260202317",-34.99,ACH_DEBIT,26288.22,,
DEBIT,05/02/2018,"Connected Proper RESIDENT    99025310       WEB ID: 2273639005",-305.99,ACH_DEBIT,26323.21,,
CREDIT,05/01/2018,"QuickPay with Zelle payment from ANDREA R SOPER 7032085715",1000.00,QUICKPAY_CREDIT,26629.20,,
CREDIT,05/01/2018,"QuickPay with Zelle payment from KEVIN THULL 7027889071",1000.00,QUICKPAY_CREDIT,25629.20,,
DEBIT,04/30/2018,"CON ED OF NY     INTELL CK                  PPD ID: 2462467002",-45.69,ACH_DEBIT,24629.20,,
DEBIT,04/30/2018,"Payment to Chase card ending in 5231 04/30",-564.68,ACCT_XFER,24674.89,,
DEBIT,04/30/2018,"Payment to Chase card ending in 2382 04/30",-1608.48,ACCT_XFER,25239.57,,
CREDIT,04/30/2018,"Bloomberg LP     PAYROLL                    PPD ID: 1133417984",4175.83,ACH_CREDIT,26848.05,,
DSLIP,04/23/2018,"REMOTE ONLINE DEPOSIT #          1",182.00,CHECK_DEPOSIT,22672.22,1,
CREDIT,04/20/2018,"COMMUTER         BENEFIT                    PPD ID: 1943351864",307.00,ACH_CREDIT,22490.22,,
DEBIT,04/17/2018,"ATM WITHDRAWAL                       005704  04/17633 3RD A",-200.00,ATM,22183.22,,
DEBIT,04/17/2018,"MTA VENDING MACHINES NEW YORK NY     435294  04/17",-6.50,DEBIT_CARD,22383.22,,
DEBIT,04/16/2018,"Ocwen            MORTG PMNT                 PPD ID: 5010681100",-1779.68,ACH_DEBIT,22389.72,,
DEBIT,04/13/2018,"Payment to Chase card ending in 2382 04/13",-439.64,ACCT_XFER,24169.40,,
DEBIT,04/13/2018,"Payment to Chase card ending in 5231 04/13",-459.25,ACCT_XFER,24609.04,,
CREDIT,04/13/2018,"Bloomberg LP     PAYROLL                    PPD ID: 1133417984",4243.62,ACH_CREDIT,25068.29,,
CREDIT,04/09/2018,"COMMUTER         BENEFIT                    PPD ID: 1943351864",32.00,ACH_CREDIT,20824.67,,
CREDIT,04/06/2018,"QuickPay with Zelle payment from MARGARYTA KASTNER 7043496166",1000.00,PARTNERFI_TO_CHASE,20792.67,,
CHECK,04/04/2018,"CHECK 406  ",-10.00,CHECK_PAID,19792.67,406,
DEBIT,04/04/2018,"FRONTPOINT SECUR RECEIVABLE                 PPD ID: 1260202317",-34.99,ACH_DEBIT,19802.67,,
CHECK,04/04/2018,"CHECK 405  ",-2355.00,CHECK_PAID,19837.66,405,
DEBIT,04/03/2018,"Connected Proper RESIDENT    96984703       WEB ID: 2273639005",-305.99,ACH_DEBIT,22192.66,,
DEBIT,04/02/2018,"LIBERTY MUTUAL   PAYMENT                    PPD ID: 9267721101",-27.75,ACH_DEBIT,22498.65,,
DEBIT,04/02/2018,"Payment to Chase card ending in 5231 04/02",-1446.01,ACCT_XFER,22526.40,,
DEBIT,04/02/2018,"Payment to Chase card ending in 2382 04/02",-1142.07,ACCT_XFER,23972.41,,
DEBIT,04/02/2018,"QuickPay with Zelle payment to Brian 7030918675",-36.00,QUICKPAY_DEBIT,25114.48,,
CREDIT,04/02/2018,"QuickPay with Zelle payment from ANDRII KLYSHEIKO 7028838873",17.00,QUICKPAY_CREDIT,25150.48,,
CREDIT,04/02/2018,"QuickPay with Zelle payment from KEVIN THULL 7006700525",1000.00,QUICKPAY_CREDIT,25133.48,,
CREDIT,04/02/2018,"QuickPay with Zelle payment from ANDREA R SOPER 7032084247",1000.00,QUICKPAY_CREDIT,24133.48,,
DEBIT,03/30/2018,"CON ED OF NY     INTELL CK                  PPD ID: 2462467002",-35.06,ACH_DEBIT,23133.48,,
CREDIT,03/29/2018,"Bloomberg LP     PAYROLL                    PPD ID: 1133417984",4175.83,ACH_CREDIT,23168.54,,
DEBIT,03/26/2018,"QuickPay with Zelle payment to Sancho Pancho 7007191409",-150.00,QUICKPAY_DEBIT,18992.71,,
DEBIT,03/21/2018,"QuickPay with Zelle payment to Sancho Pancho 6999300968",-100.00,QUICKPAY_DEBIT,19142.71,,
DEBIT,03/16/2018,"Loan Servicing   MTG PMT                    PPD ID: 5010681100",-1779.68,ACH_DEBIT,19242.71,,
CREDIT,03/15/2018,"Bloomberg LP     PAYROLL                    PPD ID: 1133417984",4243.63,ACH_CREDIT,21022.39,,
DEBIT,03/13/2018,"COMED            UTIL_BIL                   PPD ID: 2360938600",-28.51,ACH_DEBIT,16778.76,,
DEBIT,03/07/2018,"Payment to Chase card ending in 2382 03/07",-409.28,ACCT_XFER,16807.27,,
DEBIT,03/07/2018,"Payment to Chase card ending in 5231 03/07",-150.95,ACCT_XFER,17216.55,,
DSLIP,03/06/2018,"REMOTE ONLINE DEPOSIT #          1",1066.91,CHECK_DEPOSIT,17367.50,1,
DEBIT,03/05/2018,"FRONTPOINT SECUR RECEIVABLE                 PPD ID: 1260202317",-34.99,ACH_DEBIT,16300.59,,
DEBIT,03/02/2018,"LIBERTY MUTUAL   PAYMENT                    PPD ID: 9267721101",-27.75,ACH_DEBIT,16335.58,,
DEBIT,03/02/2018,"Connected Proper RESIDENT    94662955       WEB ID: 2273639005",-305.99,ACH_DEBIT,16363.33,,
CHECK,03/02/2018,"CHECK 404  ",-2355.00,CHECK_PAID,16669.32,404,
DEBIT,03/01/2018,"CON ED OF NY     INTELL CK                  PPD ID: 2462467002",-33.89,ACH_DEBIT,19024.32,,
DEBIT,02/28/2018,"Payment to Chase card ending in 5231 02/28",-694.53,ACCT_XFER,19058.21,,
DEBIT,02/28/2018,"Payment to Chase card ending in 2382 02/28",-1464.23,ACCT_XFER,19752.74,,
CREDIT,02/28/2018,"Bloomberg LP     PAYROLL                    PPD ID: 1133417984",2541.60,ACH_CREDIT,21216.97,,
CREDIT,02/28/2018,"Bloomberg LP     PAYROLL                    PPD ID: 1133417984",4175.83,ACH_CREDIT,18675.37,,
CREDIT,02/20/2018,"QuickPay with Zelle payment from ANDRII KLYSHEIKO 6915013314",50.00,QUICKPAY_CREDIT,14499.54,,
DSLIP,02/20/2018,"REMOTE ONLINE DEPOSIT #          1",60.50,CHECK_DEPOSIT,14449.54,1,
DEBIT,02/16/2018,"Loan Servicing   MTG PMT                    PPD ID: 5010681100",-1779.68,ACH_DEBIT,14389.04,,
CREDIT,02/15/2018,"Bloomberg LP     PAYROLL                    PPD ID: 1133417984",4243.61,ACH_CREDIT,16168.72,,
DEBIT,02/12/2018,"COMED            UTIL_BIL                   PPD ID: 2360938600",-44.81,ACH_DEBIT,11925.11,,
CHECK,02/06/2018,"CHECK 403  ",-2355.00,CHECK_PAID,11969.92,403,
CREDIT,02/06/2018,"IRS  TREAS 310     TAX REF                  PPD ID: 9111036170",7045.00,ACH_CREDIT,14324.92,,
DEBIT,02/05/2018,"FRONTPOINT SECUR RECEIVABLE                 PPD ID: 1260202317",-34.99,ACH_DEBIT,7279.92,,
DEBIT,02/02/2018,"Connected Proper RESIDENT    92653238       WEB ID: 2273639005",-305.99,ACH_DEBIT,7314.91,,
DEBIT,01/31/2018,"LIBERTY MUTUAL   PAYMENT                    PPD ID: 9267721101",-27.75,ACH_DEBIT,7620.90,,
DEBIT,01/31/2018,"Payment to Chase card ending in 5231 01/31",-154.59,ACCT_XFER,7648.65,,
DEBIT,01/31/2018,"Payment to Chase card ending in 2382 01/31",-1453.63,ACCT_XFER,7803.24,,
CREDIT,01/31/2018,"Bloomberg LP     PAYROLL                    PPD ID: 1133417984",4175.83,ACH_CREDIT,9256.87,,
DEBIT,01/30/2018,"CON ED OF NY     INTELL CK                  PPD ID: 2462467002",-51.40,ACH_DEBIT,5081.04,,
DEBIT,01/29/2018,"NON-CHASE ATM FEE-WITH",-2.50,FEE_TRANSACTION,5132.44,,
DEBIT,01/29/2018,"NON-CHASE ATM WITHDRAW               090116  01/27694 10th",-62.00,ATM,5134.94,,
DEBIT,01/22/2018,"EPIC BARBERSHOP NEW YORK NY                  01/19",-25.00,DEBIT_CARD,5196.94,,
DSLIP,01/22/2018,"REMOTE ONLINE DEPOSIT #          1",400.28,CHECK_DEPOSIT,5221.94,1,
DEBIT,01/17/2018,"Loan Servicing   MTG PMT                    PPD ID: 5010681100",-1779.68,ACH_DEBIT,4821.66,,
CREDIT,01/17/2018,"StateAutoCos     InsPayment SAIINS000256106 CCD ID: 9592756001",9.86,ACH_CREDIT,6601.34,,
DEBIT,01/16/2018,"ALLIANT CU       DEP-PYMT                   PPD ID: 0271081528",-340.01,ACH_DEBIT,6591.48,,
CREDIT,01/12/2018,"Bloomberg LP     PAYROLL                    PPD ID: 1133417984",4022.03,ACH_CREDIT,6931.49,,
DEBIT,01/08/2018,"COMED            UTIL_BIL                   PPD ID: 2360938600",-27.80,ACH_DEBIT,2909.46,,
DEBIT,01/08/2018,"CARMAX #7287 121 Front New Haven CT  744810  01/06",-646.96,DEBIT_CARD,2937.26,,
DSLIP,01/08/2018,"Cash Redemption",1241.33,DEPOSIT,3584.22,,
CHECK,01/05/2018,"CHECK 402  ",-400.00,CHECK_PAID,2342.89,402,
DEBIT,01/04/2018,"FRONTPOINT SECUR RECEIVABLE                 PPD ID: 1260202317",-34.99,ACH_DEBIT,2742.89,,
DEBIT,01/03/2018,"Connected Proper RESIDENT    90473365       WEB ID: 2273639005",-305.99,ACH_DEBIT,2777.88,,
DEBIT,01/02/2018,"LIBERTY MUTUAL   PAYMENT                    PPD ID: 9267721101",-27.75,ACH_DEBIT,3083.87,,
CHECK,01/02/2018,"CHECK 399  ",-1325.50,CHECK_PAID,3111.62,399,
DEBIT,01/02/2018,"MTA VENDING MACHINES NEW YORK NY     200482  01/01",-32.00,DEBIT_CARD,4437.12,,
DEBIT,01/02/2018,"Payment to Chase card ending in 2382 01/02",-1374.85,ACCT_XFER,4469.12,,
CREDIT,01/02/2018,"QuickPay with Zelle payment from ANDRII KLYSHEIKO 6790039350",40.00,QUICKPAY_CREDIT,5843.97,,
DEBIT,12/29/2017,"CON ED OF NY     INTELL CK                  PPD ID: 2462467002",-37.07,ACH_DEBIT,5803.97,,
CREDIT,12/29/2017,"Bloomberg LP     PAYROLL                    PPD ID: 1133417984",2394.40,ACH_CREDIT,5841.04,,
DEBIT,12/28/2017,"StateAutoCos     InsPayment SAIINS000224678 WEB ID: 9592756001",-240.71,ACH_DEBIT,3446.64,,
CHECK,12/26/2017,"CHECK 398  ",-209.50,CHECK_PAID,3687.35,398,
DEBIT,12/26/2017,"QuickPay with Zelle payment to Jason 6768465131",-62.00,QUICKPAY_DEBIT,3896.85,,
DEBIT,12/22/2017,"NON-CHASE ATM FEE-WITH",-2.50,FEE_TRANSACTION,3958.85,,
DEBIT,12/22/2017,"NON-CHASE ATM WITHDRAW               814650  12/2215W 32ND",-42.00,ATM,3961.35,,
CREDIT,12/22/2017,"QuickPay with Zelle payment from ANDRII KLYSHEIKO 6764943053",26.00,QUICKPAY_CREDIT,4003.35,,
DEBIT,12/18/2017,"Loan Servicing   MTG PMT                    PPD ID: 5010681100",-2007.71,ACH_DEBIT,3977.35,,
DEBIT,12/15/2017,"ALLIANT CU       DEP-PYMT                   PPD ID: 0271081528",-340.01,ACH_DEBIT,5985.06,,
DEBIT,12/15/2017,"Payment to Chase card ending in 5231 12/15",-1089.84,ACCT_XFER,6325.07,,
CREDIT,12/15/2017,"Bloomberg LP     PAYROLL                    PPD ID: 1133417984",2508.91,ACH_CREDIT,7414.91,,
CREDIT,12/14/2017,"LIBERTY MUTUAL   PAYMENT                    PPD ID: 9267721101",25.67,ACH_CREDIT,4906.00,,
DEBIT,12/12/2017,"QuickPay with Zelle payment to Brian 6740013756",-10.00,QUICKPAY_DEBIT,4880.33,,
DSLIP,12/11/2017,"REMOTE ONLINE DEPOSIT #          1",11.65,CHECK_DEPOSIT,4890.33,1,
DSLIP,12/11/2017,"REMOTE ONLINE DEPOSIT #          1",46.81,CHECK_DEPOSIT,4878.68,1,
DEBIT,12/06/2017,"COMED            UTIL_BIL                   PPD ID: 2360938600",-17.07,ACH_DEBIT,4831.87,,
CHECK,12/05/2017,"CHECK 397  ",-1316.22,CHECK_PAID,4848.94,397,
DEBIT,12/04/2017,"FRONTPOINT SECUR RECEIVABLE                 PPD ID: 1260202317",-34.99,ACH_DEBIT,6165.16,,
DEBIT,12/04/2017,"Connected Proper RESIDENT    88324496       WEB ID: 2273639005",-305.99,ACH_DEBIT,6200.15,,
DEBIT,12/04/2017,"Duane Reade STO 1350 B NEW YORK NY   560405  12/02",-16.75,DEBIT_CARD,6506.14,,
DEBIT,12/01/2017,"D'AGOSTINO #25 NEW YORK NY           142856  12/01",-17.43,DEBIT_CARD,6522.89,,
DEBIT,11/30/2017,"Payment to Chase card ending in 2382 11/30",-125.14,ACCT_XFER,6540.32,,
DEBIT,11/30/2017,"Payment to Chase card ending in 5231 11/30",-1866.24,ACCT_XFER,6665.46,,
CREDIT,11/30/2017,"Bloomberg LP     PAYROLL                    PPD ID: 1133417984",3894.40,ACH_CREDIT,8531.70,,
DEBIT,11/28/2017,"LIBERTY MUTUAL   INSRNC PMT 9194703         TEL ID: 0000061050",-25.67,ACH_DEBIT,4637.30,,
DEBIT,11/28/2017,"LIBERTY MUTUAL   INSRNC PMT 9193951         TEL ID: 0000061050",-25.75,ACH_DEBIT,4662.97,,
DEBIT,11/28/2017,"StateAutoCos     InsPayment SAIINS000174480 WEB ID: 9592756001",-240.71,ACH_DEBIT,4688.72,,
DEBIT,11/24/2017,"ATM WITHDRAWAL                       009541  11/24850 S WAB",-100.00,ATM,4929.43,,
CREDIT,11/24/2017,"QuickPay with Zelle payment from ANDRII KLYSHEIKO 6693761774",25.00,QUICKPAY_CREDIT,5029.43,,
DEBIT,11/16/2017,"Loan Servicing   MTG PMT                    PPD ID: 5010681100",-2007.71,ACH_DEBIT,5004.43,,
DEBIT,11/15/2017,"ALLIANT CU       DEP-PYMT                   PPD ID: 0271081528",-340.01,ACH_DEBIT,7012.14,,
DEBIT,11/15/2017,"Payment to Chase card ending in 2382 11/15",-1147.90,ACCT_XFER,7352.15,,
DEBIT,11/15/2017,"Payment to Chase card ending in 5231 11/15",-1055.32,ACCT_XFER,8500.05,,
CREDIT,11/15/2017,"Bloomberg LP     PAYROLL                    PPD ID: 1133417984",4008.93,ACH_CREDIT,9555.37,,
DEBIT,11/13/2017,"ATM WITHDRAWAL                       001550  11/1189 E 42ND",-100.00,ATM,5546.44,,
DEBIT,11/10/2017,"DRI*DRG*LOGITECH STORE 952-3922584 MN        11/09",106.24,DEBIT_CARD,5646.44,,
DEBIT,11/07/2017,"COMED            UTIL_BIL                   PPD ID: 2360938600",-38.49,ACH_DEBIT,5540.20,,
DEBIT,11/06/2017,"METRO-NORTH TVM & TOM NEW YORK NY    760362  11/05",-8.25,DEBIT_CARD,5578.69,,
DEBIT,11/03/2017,"FRONTPOINT SECUR RECEIVABLE                 PPD ID: 1260202317",-34.99,ACH_DEBIT,5586.94,,
DEBIT,11/03/2017,"Connected Proper RESIDENT    86507344       WEB ID: 2273639005",-305.99,ACH_DEBIT,5621.93,,
DEBIT,11/01/2017,"OFFICIAL CHECKS CHARGE",-8.00,FEE_TRANSACTION,5927.92,,
DEBIT,11/01/2017,"OFFICIAL CHECKS CHARGE",-8.00,FEE_TRANSACTION,5935.92,,
DEBIT,10/31/2017,"WITHDRAWAL 10/31",-2355.00,MISC_DEBIT,5943.92,,
DEBIT,10/31/2017,"WITHDRAWAL 10/31",-2355.00,MISC_DEBIT,8298.92,,
DEBIT,10/31/2017,"Payment to Chase card ending in 2382 10/31",-618.52,ACCT_XFER,10653.92,,
DEBIT,10/31/2017,"Payment to Chase card ending in 5231 10/31",-1380.81,ACCT_XFER,11272.44,,
CREDIT,10/31/2017,"Bloomberg LP     PAYROLL                    PPD ID: 1133417984",4008.93,ACH_CREDIT,12653.25,,
CREDIT,10/31/2017,"Bloomberg LP     PAYROLL                    PPD ID: 1133417984",5000.00,ACH_CREDIT,8644.32,,
DEBIT,10/30/2017,"StateAutoCos     InsPayment SAIINS000134398 WEB ID: 9592756001",-240.71,ACH_DEBIT,3644.32,,
DEBIT,10/27/2017,"QuickPay with Zelle payment to Brian 6623180358",-6.00,QUICKPAY_DEBIT,3885.03,,
DEBIT,10/27/2017,"QuickPay with Zelle payment to Brian 6623143713",-100.00,QUICKPAY_DEBIT,3891.03,,
DEBIT,10/18/2017,"H&M0002 NEW YORK NY                          10/17",-12.99,DEBIT_CARD,3991.03,,
DEBIT,10/17/2017,"Loan Servicing   MTG PMT                    PPD ID: 5010681100",-2007.71,ACH_DEBIT,4004.02,,
DEBIT,10/16/2017,"ALLIANT CU       DEP-PYMT                   PPD ID: 0271081528",-340.01,ACH_DEBIT,6011.73,,
DEBIT,10/16/2017,"QuickPay with Zelle payment to Brian 6597334599",-225.51,QUICKPAY_DEBIT,6351.74,,
DEBIT,10/16/2017,"Payment to Chase card ending in 5231 10/16",-1863.01,ACCT_XFER,6577.25,,
